<?xml version="1.0" encoding="UTF-8"?>
<!DOCTYPE html PUBLIC "-//W3C//DTD XHTML 1.0 Transitional//EN"
    "http://www.w3.org/TR/xhtml1/DTD/xhtml1-transitional.dtd">
<html xmlns="http://www.w3.org/1999/xhtml" xml:lang="en" lang="en">
 <head>
  <title>
</title>
<meta http-equiv="Content-Type" content="text/html;charset=utf-8" />
  <meta name='ocr-system' content='tesseract 3.04.00' />
  <meta name='ocr-capabilities' content='ocr_page ocr_carea ocr_par ocr_line ocrx_word'/>
</head>
<body>
  <div class='ocr_page' id='page_1' title='image "./lexiconquintilia02bonnuoft/lexiconquintilia02bonnuoft_0354.png"; bbox 0 0 1644 2964; ppageno 0'>
   <div class='ocr_carea' id='block_1_1' title="bbox 281 207 1644 471">
    <p class='ocr_par' dir='ltr' id='par_1_1' title="bbox 281 207 1644 471">
     <span class='ocr_line' id='line_1_1' title="bbox 287 207 1274 268; baseline 0.002 -16"><span class='ocrx_word' id='word_1_1' title='bbox 287 218 382 262; x_wconf 75' lang='lat'><strong>350</strong></span> <span class='ocrx_word' id='word_1_2' title='bbox 549 248 554 255; x_wconf 85' lang='grc'>,</span> <span class='ocrx_word' id='word_1_3' title='bbox 599 207 672 251; x_wconf 88' lang='grc' dir='ltr'><strong>Μ.</strong></span> <span class='ocrx_word' id='word_1_4' title='bbox 703 207 834 252; x_wconf 78' lang='lat' dir='ltr'><strong>FAB.</strong></span> <span class='ocrx_word' id='word_1_5' title='bbox 867 209 1274 268; x_wconf 76' lang='lat' dir='ltr'><strong>QUINTILIANI</strong></span> 
     </span>
     <span class='ocr_line' id='line_1_2' title="bbox 281 327 1644 400; baseline 0.001 -22"><span class='ocrx_word' id='word_1_6' title='bbox 281 327 582 383; x_wconf 81' lang='lat' dir='ltr'><strong>inciderunt</strong></span> <span class='ocrx_word' id='word_1_7' title='bbox 609 345 890 388; x_wconf 83' lang='lat' dir='ltr'><strong>errrorem,</strong></span> <span class='ocrx_word' id='word_1_8' title='bbox 944 339 1004 378; x_wconf 83' lang='lat' dir='ltr'><strong>ut</strong></span> <span class='ocrx_word' id='word_1_9' title='bbox 1029 332 1264 399; x_wconf 78' lang='lat' dir='ltr'><em>Bagoam</em></span> <span class='ocrx_word' id='word_1_10' title='bbox 1284 342 1370 386; x_wconf 78' lang='lat' dir='ltr'><strong>aut</strong></span> <span class='ocrx_word' id='word_1_11' title='bbox 1391 333 1644 400; x_wconf 55' lang='lat' dir='ltr'><strong>Mega-451</strong></span> 
     </span>
     <span class='ocr_line' id='line_1_3' title="bbox 281 398 1581 471; baseline 0.004 -20"><span class='ocrx_word' id='word_1_12' title='bbox 281 398 461 469; x_wconf 79' lang='lat' dir='ltr'><em>byzum</em></span> <span class='ocrx_word' id='word_1_13' title='bbox 505 406 734 468; x_wconf 82' lang='lat' dir='ltr'><strong>aliquem</strong></span> <span class='ocrx_word' id='word_1_14' title='bbox 775 406 833 452; x_wconf 84' lang='lat' dir='ltr'><strong>in</strong></span> <span class='ocrx_word' id='word_1_15' title='bbox 878 407 1170 470; x_wconf 85' lang='lat' dir='ltr'><strong>exemplum</strong></span> <span class='ocrx_word' id='word_1_16' title='bbox 1213 408 1383 471; x_wconf 79' lang='lat' dir='ltr'><strong>operis</strong></span> <span class='ocrx_word' id='word_1_17' title='bbox 1413 406 1581 464; x_wconf 78' lang='lat' dir='ltr'><strong>sume-</strong></span> 
     </span>
    </p>
   </div>
   <div class='ocr_carea' id='block_1_2' title="bbox 281 478 1590 547">
    <p class='ocr_par' dir='ltr' id='par_1_2' title="bbox 281 478 1590 547">
     <span class='ocr_line' id='line_1_4' title="bbox 281 478 1590 547; baseline 0.004 -19"><span class='ocrx_word' id='word_1_18' title='bbox 281 490 400 529; x_wconf 86' lang='lat' dir='ltr'><strong>rent</strong></span> <span class='ocrx_word' id='word_1_19' title='bbox 459 479 581 537; x_wconf 79' lang='lat' dir='ltr'><strong>fibi,</strong></span> <span class='ocrx_word' id='word_1_20' title='bbox 639 478 730 527; x_wconf 80' lang='lat' dir='ltr'><strong>sed.</strong></span> <span class='ocrx_word' id='word_1_21' title='bbox 786 479 1135 544; x_wconf 79' lang='lat' dir='ltr'><strong>Doryphoron</strong></span> <span class='ocrx_word' id='word_1_22' title='bbox 1191 482 1348 531; x_wconf 85' lang='lat' dir='ltr'><strong>illum</strong></span> <span class='ocrx_word' id='word_1_23' title='bbox 1403 492 1590 547; x_wconf 83' lang='lat' dir='ltr'><strong>aptum..</strong></span> 
     </span>
    </p>
   </div>
   <div class='ocr_carea' id='block_1_3' title="bbox 278 661 1585 822">
    <p class='ocr_par' dir='ltr' id='par_1_3' title="bbox 278 661 1585 822">
     <span class='ocr_line' id='line_1_5' title="bbox 278 661 1585 711; baseline 0.002 -15"><span class='ocrx_word' id='word_1_24' title='bbox 278 674 402 709; x_wconf 81' lang='lat' dir='ltr'><strong>neque</strong></span> <span class='ocrx_word' id='word_1_25' title='bbox 418 661 514 696; x_wconf 82' lang='lat' dir='ltr'><strong>Alm.</strong></span> <span class='ocrx_word' id='word_1_26' title='bbox 534 670 650 700; x_wconf 80' lang='lat' dir='ltr'><strong>recte,</strong></span> <span class='ocrx_word' id='word_1_27' title='bbox 677 671 722 696; x_wconf 90' lang='lat' dir='ltr'><strong>ut</strong></span> <span class='ocrx_word' id='word_1_28' title='bbox 740 662 872 710; x_wconf 84' lang='lat' dir='ltr'><strong>opinor</strong></span> <span class='ocrx_word' id='word_1_29' title='bbox 891 662 957 711; x_wconf 86' lang='lat' dir='ltr'><strong>(cf.</strong></span> <span class='ocrx_word' id='word_1_30' title='bbox 977 663 997 707; x_wconf 64' lang='lat'><strong>5</strong></span> <span class='ocrx_word' id='word_1_31' title='bbox 1023 673 1084 699; x_wconf 84' lang='lat'><strong>20.</strong></span> <span class='ocrx_word' id='word_1_32' title='bbox 1106 663 1194 699; x_wconf 87' lang='lat' dir='ltr'><strong>item</strong></span> <span class='ocrx_word' id='word_1_33' title='bbox 1213 675 1304 699; x_wconf 83' lang='lat' dir='ltr'><strong>mox</strong></span> <span class='ocrx_word' id='word_1_34' title='bbox 1322 662 1390 699; x_wconf 75' lang='lat' dir='ltr'><strong>hac</strong></span> <span class='ocrx_word' id='word_1_35' title='bbox 1408 664 1468 708; x_wconf 82' lang='lat'><strong>§).</strong></span> <span class='ocrx_word' id='word_1_36' title='bbox 1496 664 1585 708; x_wconf 73' lang='lat' dir='ltr'><strong>vide</strong></span> 
     </span>
     <span class='ocr_line' id='line_1_6' title="bbox 279 716 1583 768; baseline 0.002 -17"><span class='ocrx_word' id='word_1_37' title='bbox 279 716 325 751; x_wconf 84' lang='lat' dir='ltr'><strong>de</strong></span> <span class='ocrx_word' id='word_1_38' title='bbox 354 716 424 751; x_wconf 85' lang='lat' dir='ltr'><strong>hoc</strong></span> <span class='ocrx_word' id='word_1_39' title='bbox 452 716 533 752; x_wconf 88' lang='lat' dir='ltr'><strong>loco</strong></span> <span class='ocrx_word' id='word_1_40' title='bbox 565 717 733 753; x_wconf 82' lang='lat' dir='ltr'><strong>Oudend.</strong></span> <span class='ocrx_word' id='word_1_41' title='bbox 766 717 934 753; x_wconf 74' lang='lat' dir='ltr'><strong>ad&#39;Suet.</strong></span> <span class='ocrx_word' id='word_1_42' title='bbox 964 721 1076 754; x_wconf 90' lang='lat' dir='ltr'><strong>Dom.</strong></span> <span class='ocrx_word' id='word_1_43' title='bbox 1100 732 1160 766; x_wconf 87' lang='lat'><strong>19.</strong></span> <span class='ocrx_word' id='word_1_44' title='bbox 1217 721 1318 754; x_wconf 80' lang='lat' dir='ltr'><strong>Dant</strong></span> <span class='ocrx_word' id='word_1_45' title='bbox 1337 719 1483 766; x_wconf 78' lang='lat' dir='ltr'><strong>quidem</strong></span> <span class='ocrx_word' id='word_1_46' title='bbox 1503 731 1583 768; x_wconf 67' lang='lat' dir='ltr'><strong>pra-</strong></span> 
     </span>
     <span class='ocr_line' id='line_1_7' title="bbox 279 768 1581 822; baseline 0.002 -16"><span class='ocrx_word' id='word_1_47' title='bbox 279 784 370 806; x_wconf 84' lang='lat' dir='ltr'><strong>vum</strong></span> <span class='ocrx_word' id='word_1_48' title='bbox 391 771 485 806; x_wconf 86' lang='lat' dir='ltr'><strong>illud</strong></span> <span class='ocrx_word' id='word_1_49' title='bbox 501 770 671 821; x_wconf 56' lang='lat' dir='ltr'><strong>effingere</strong></span> <span class='ocrx_word' id='word_1_50' title='bbox 691 773 772 807; x_wconf 85' lang='lat' dir='ltr'><strong>edd.</strong></span> <span class='ocrx_word' id='word_1_51' title='bbox 795 786 893 808; x_wconf 78' lang='lat' dir='ltr'><strong>meae</strong></span> <span class='ocrx_word' id='word_1_52' title='bbox 912 788 932 807; x_wconf 82' lang='lat' dir='ltr'>a</span> <span class='ocrx_word' id='word_1_53' title='bbox 949 776 1042 812; x_wconf 74' lang='lat' dir='ltr'><strong>Jens.</strong></span> <span class='ocrx_word' id='word_1_54' title='bbox 1066 768 1149 812; x_wconf 84' lang='lat' dir='ltr'><strong>iude</strong></span> <span class='ocrx_word' id='word_1_55' title='bbox 1168 785 1249 809; x_wconf 80' lang='lat' dir='ltr'><strong>ante</strong></span> <span class='ocrx_word' id='word_1_56' title='bbox 1266 777 1380 808; x_wconf 84' lang='lat' dir='ltr'><strong>Stoer.</strong></span> <span class='ocrx_word' id='word_1_57' title='bbox 1410 786 1484 822; x_wconf 87' lang='lat' dir='ltr'><strong>quo</strong></span> <span class='ocrx_word' id='word_1_58' title='bbox 1510 787 1581 810; x_wconf 85' lang='lat' dir='ltr'><strong>acc.</strong></span> 
     </span>
    </p>
   </div>
   <div class='ocr_carea' id='block_1_4' title="bbox 277 825 460 862">
    <p class='ocr_par' dir='ltr' id='par_1_4' title="bbox 277 825 460 862">
     <span class='ocr_line' id='line_1_8' title="bbox 277 825 460 862; baseline -0.005 0"><span class='ocrx_word' id='word_1_59' title='bbox 277 825 460 862; x_wconf 84' lang='lat' dir='ltr'><strong>Rollinus.</strong></span> 
     </span>
    </p>
   </div>
   <div class='ocr_carea' id='block_1_5' title="bbox 699 828 1580 877">
    <p class='ocr_par' dir='ltr' id='par_1_5' title="bbox 699 828 1580 877">
     <span class='ocr_line' id='line_1_9' title="bbox 699 828 1580 877; baseline 0.002 -15"><span class='ocrx_word' id='word_1_60' title='bbox 699 829 870 877; x_wconf 73' lang='lat' dir='ltr'><strong>Bagoam.</strong></span> <span class='ocrx_word' id='word_1_61' title='bbox 927 829 1049 864; x_wconf 82' lang='lat' dir='ltr'><strong>Turio.</strong></span> <span class='ocrx_word' id='word_1_62' title='bbox 1070 830 1234 864; x_wconf 70' lang='lat' dir='ltr'><strong>Baebium</strong></span> <span class='ocrx_word' id='word_1_63' title='bbox 1253 842 1335 864; x_wconf 88' lang='lat' dir='ltr'><strong>cum</strong></span> <span class='ocrx_word' id='word_1_64' title='bbox 1356 829 1453 864; x_wconf 89' lang='lat' dir='ltr'><strong>Alm.</strong></span> <span class='ocrx_word' id='word_1_65' title='bbox 1474 828 1580 864; x_wconf 88' lang='lat' dir='ltr'><strong>Bodl.</strong></span> 
     </span>
    </p>
   </div>
   <div class='ocr_carea' id='block_1_6' title="bbox 276 881 1631 932">
    <p class='ocr_par' dir='ltr' id='par_1_6' title="bbox 276 881 1631 932">
     <span class='ocr_line' id='line_1_10' title="bbox 276 881 1631 932; baseline 0.002 -16"><span class='ocrx_word' id='word_1_66' title='bbox 276 883 370 919; x_wconf 87' lang='lat' dir='ltr'><strong>Jens.</strong></span> <span class='ocrx_word' id='word_1_67' title='bbox 403 891 441 916; x_wconf 85' lang='lat' dir='ltr'><strong>et</strong></span> <span class='ocrx_word' id='word_1_68' title='bbox 469 881 548 916; x_wconf 74' lang='lat' dir='ltr'><strong>edd.</strong></span> <span class='ocrx_word' id='word_1_69' title='bbox 579 891 661 916; x_wconf 82' lang='lat' dir='ltr'><strong>ante</strong></span> <span class='ocrx_word' id='word_1_70' title='bbox 691 883 777 918; x_wconf 80' lang='lat' dir='ltr'><strong>Bad.</strong></span> <span class='ocrx_word' id='word_1_71' title='bbox 807 885 872 918; x_wconf 80' lang='lat' dir='ltr'><strong>nifi</strong></span> <span class='ocrx_word' id='word_1_72' title='bbox 901 885 999 930; x_wconf 87' lang='lat' dir='ltr'><strong>quod</strong></span> <span class='ocrx_word' id='word_1_73' title='bbox 1029 884 1111 919; x_wconf 84' lang='lat' dir='ltr'><strong>Ald.</strong></span> <span class='ocrx_word' id='word_1_74' title='bbox 1143 884 1326 932; x_wconf 75' lang='lat' dir='ltr'><strong>duplicato</strong></span> <span class='ocrx_word' id='word_1_75' title='bbox 1354 899 1383 919; x_wconf 78' lang='lat' dir='ltr'><strong>e.</strong></span> <span class='ocrx_word' id='word_1_76' title='bbox 1419 884 1588 931; x_wconf 79' lang='lat' dir='ltr'><strong>Baguam.</strong></span> <span class='ocrx_word' id='word_1_77' title='bbox 1630 927 1631 930; x_wconf 11' lang='grc' dir='ltr'><strong>Ἴ</strong></span> 
     </span>
    </p>
   </div>
   <div class='ocr_carea' id='block_1_7' title="bbox 276 935 1633 1042">
    <p class='ocr_par' dir='ltr' id='par_1_7' title="bbox 276 935 1633 1042">
     <span class='ocr_line' id='line_1_11' title="bbox 276 935 1633 988; baseline 0.002 -16"><span class='ocrx_word' id='word_1_78' title='bbox 276 936 390 972; x_wconf 85' lang='lat' dir='ltr'><strong>Goth.</strong></span> <span class='ocrx_word' id='word_1_79' title='bbox 411 937 497 981; x_wconf 81' lang='lat' dir='ltr'><strong>(tac.</strong></span> <span class='ocrx_word' id='word_1_80' title='bbox 519 935 656 987; x_wconf 83' lang='lat' dir='ltr'><strong>Gesn.).</strong></span> <span class='ocrx_word' id='word_1_81' title='bbox 683 939 854 974; x_wconf 83' lang='lat' dir='ltr'><strong>Nostrum</strong></span> <span class='ocrx_word' id='word_1_82' title='bbox 875 939 1032 986; x_wconf 81' lang='lat' dir='ltr'><strong>expresse</strong></span> <span class='ocrx_word' id='word_1_83' title='bbox 1053 940 1174 975; x_wconf 83' lang='lat' dir='ltr'><strong>Guelf.</strong></span> <span class='ocrx_word' id='word_1_84' title='bbox 1190 942 1314 988; x_wconf 80' lang='lat' dir='ltr'><strong>Camp.</strong></span> <span class='ocrx_word' id='word_1_85' title='bbox 1327 939 1419 979; x_wconf 66' lang='lat' dir='ltr'><strong>vall.</strong></span> <span class='ocrx_word' id='word_1_86' title='bbox 1449 941 1581 987; x_wconf 80' lang='lat' dir='ltr'><strong>Neque</strong></span> <span class='ocrx_word' id='word_1_87' title='bbox 1627 947 1633 982; x_wconf 63' lang='grc' dir='ltr'>ζ</span> 
     </span>
     <span class='ocr_line' id='line_1_12' title="bbox 276 992 1622 1042; baseline 0.004 -17"><span class='ocrx_word' id='word_1_88' title='bbox 276 992 325 1026; x_wconf 71' lang='lat' dir='ltr'><strong>est</strong></span> <span class='ocrx_word' id='word_1_89' title='bbox 346 993 446 1039; x_wconf 84' lang='lat' dir='ltr'><strong>quod</strong></span> <span class='ocrx_word' id='word_1_90' title='bbox 465 993 504 1026; x_wconf 83' lang='lat' dir='ltr'><strong>iu</strong></span> <span class='ocrx_word' id='word_1_91' title='bbox 523 994 652 1042; x_wconf 79' lang='lat' dir='ltr'><strong>ignoto</strong></span> <span class='ocrx_word' id='word_1_92' title='bbox 670 993 848 1028; x_wconf 81' lang='lat' dir='ltr'><strong>vocabulo</strong></span> <span class='ocrx_word' id='word_1_93' title='bbox 869 1005 1009 1029; x_wconf 87' lang='lat' dir='ltr'><strong>veteres</strong></span> <span class='ocrx_word' id='word_1_94' title='bbox 1029 994 1142 1029; x_wconf 85' lang='lat' dir='ltr'><strong>libros</strong></span> <span class='ocrx_word' id='word_1_95' title='bbox 1165 1007 1363 1030; x_wconf 80' lang='lat' dir='ltr'><strong>moremur.</strong></span> <span class='ocrx_word' id='word_1_96' title='bbox 1613 1007 1622 1013; x_wconf 66' lang='lat'><strong>.</strong></span> 
     </span>
    </p>
   </div>
   <div class='ocr_carea' id='block_1_8' title="bbox 360 1067 1641 1116">
    <p class='ocr_par' dir='ltr' id='par_1_8' title="bbox 360 1067 1641 1116">
     <span class='ocr_line' id='line_1_13' title="bbox 360 1067 1641 1116; baseline 0.002 -14"><span class='ocrx_word' id='word_1_97' title='bbox 360 1067 620 1115; x_wconf 76' lang='lat' dir='ltr'><strong>Megabyzum.</strong></span> <span class='ocrx_word' id='word_1_98' title='bbox 668 1069 792 1103; x_wconf 80' lang='lat' dir='ltr'><strong>Turio.</strong></span> <span class='ocrx_word' id='word_1_99' title='bbox 813 1068 932 1104; x_wconf 83' lang='lat' dir='ltr'><strong>Guelf.</strong></span> <span class='ocrx_word' id='word_1_100' title='bbox 955 1071 1080 1116; x_wconf 84' lang='lat' dir='ltr'><strong>Camp.</strong></span> <span class='ocrx_word' id='word_1_101' title='bbox 1104 1070 1213 1105; x_wconf 78' lang='lat' dir='ltr'><strong>Goth.</strong></span> <span class='ocrx_word' id='word_1_102' title='bbox 1235 1070 1328 1114; x_wconf 83' lang='lat' dir='ltr'><strong>Jens.</strong></span> <span class='ocrx_word' id='word_1_103' title='bbox 1350 1073 1434 1115; x_wconf 71' lang='lat' dir='ltr'><strong>(tac.</strong></span> <span class='ocrx_word' id='word_1_104' title='bbox 1455 1069 1580 1114; x_wconf 81' lang='lat' dir='ltr'><strong>Gesn.)</strong></span> <span class='ocrx_word' id='word_1_105' title='bbox 1625 1076 1641 1110; x_wconf 56' lang='lat' dir='ltr'>J</span> 
     </span>
    </p>
   </div>
   <div class='ocr_carea' id='block_1_9' title="bbox 275 1122 1579 1172">
    <p class='ocr_par' dir='ltr' id='par_1_9' title="bbox 275 1122 1579 1172">
     <span class='ocr_line' id='line_1_14' title="bbox 275 1122 1579 1172; baseline -0.001 -13"><span class='ocrx_word' id='word_1_106' title='bbox 275 1122 530 1170; x_wconf 74' lang='lat' dir='ltr'><strong>Megabuxum</strong></span> <span class='ocrx_word' id='word_1_107' title='bbox 563 1136 645 1156; x_wconf 89' lang='lat' dir='ltr'><strong>cum</strong></span> <span class='ocrx_word' id='word_1_108' title='bbox 676 1124 756 1158; x_wconf 84' lang='lat' dir='ltr'><strong>edd.</strong></span> <span class='ocrx_word' id='word_1_109' title='bbox 787 1133 868 1158; x_wconf 82' lang='lat' dir='ltr'><strong>ante</strong></span> <span class='ocrx_word' id='word_1_110' title='bbox 896 1124 978 1159; x_wconf 83' lang='lat' dir='ltr'><strong>Ald.</strong></span> <span class='ocrx_word' id='word_1_111' title='bbox 1011 1134 1048 1158; x_wconf 88' lang='lat' dir='ltr'><strong>et</strong></span> <span class='ocrx_word' id='word_1_112' title='bbox 1085 1124 1225 1172; x_wconf 79' lang='lat' dir='ltr'><strong>aliquot</strong></span> <span class='ocrx_word' id='word_1_113' title='bbox 1265 1126 1390 1159; x_wconf 84' lang='lat' dir='ltr'><strong>Burm.</strong></span> <span class='ocrx_word' id='word_1_114' title='bbox 1435 1125 1579 1158; x_wconf 76' lang='lat' dir='ltr'><strong>confuso</strong></span> 
     </span>
    </p>
   </div>
   <div class='ocr_carea' id='block_1_10' title="bbox 275 1178 877 1226">
    <p class='ocr_par' dir='ltr' id='par_1_10' title="bbox 275 1178 877 1226">
     <span class='ocr_line' id='line_1_15' title="bbox 275 1178 877 1226; baseline 0.007 -15"><span class='ocrx_word' id='word_1_115' title='bbox 275 1178 421 1212; x_wconf 80' lang='lat' dir='ltr'><strong>notatis.</strong></span> <span class='ocrx_word' id='word_1_116' title='bbox 481 1179 605 1226; x_wconf 78' lang='lat' dir='ltr'><strong>Camp.</strong></span> <span class='ocrx_word' id='word_1_117' title='bbox 639 1179 718 1213; x_wconf 71' lang='lat' dir='ltr'><strong>Neo</strong></span> <span class='ocrx_word' id='word_1_118' title='bbox 694 1178 877 1226; x_wconf 77' lang='lat' dir='ltr'><strong>g.al›usum</strong></span> 
     </span>
    </p>
   </div>
   <div class='ocr_carea' id='block_1_11' title="bbox 1206 1178 1635 1227">
    <p class='ocr_par' dir='ltr' id='par_1_11' title="bbox 1206 1178 1635 1227">
     <span class='ocr_line' id='line_1_16' title="bbox 1206 1178 1635 1227; baseline -0.005 -13"><span class='ocrx_word' id='word_1_119' title='bbox 1206 1178 1394 1227; x_wconf 73' lang='lat' dir='ltr'><strong>sumerent.</strong></span> <span class='ocrx_word' id='word_1_120' title='bbox 1451 1179 1576 1215; x_wconf 79' lang='lat' dir='ltr'><strong>Turio.</strong></span> <span class='ocrx_word' id='word_1_121' title='bbox 1634 1179 1635 1182; x_wconf 38' lang='lat'>¹</span> 
     </span>
    </p>
   </div>
   <div class='ocr_carea' id='block_1_12' title="bbox 275 1231 1632 1333">
    <p class='ocr_par' dir='ltr' id='par_1_12' title="bbox 275 1231 1632 1333">
     <span class='ocr_line' id='line_1_17' title="bbox 275 1231 1632 1286; baseline 0.002 -19"><span class='ocrx_word' id='word_1_122' title='bbox 275 1233 397 1268; x_wconf 82' lang='lat' dir='ltr'><strong>Guelf.</strong></span> <span class='ocrx_word' id='word_1_123' title='bbox 431 1231 570 1280; x_wconf 77' lang='lat' dir='ltr'><strong>sumere</strong></span> <span class='ocrx_word' id='word_1_124' title='bbox 605 1246 687 1268; x_wconf 86' lang='lat' dir='ltr'><strong>cum</strong></span> <span class='ocrx_word' id='word_1_125' title='bbox 727 1235 823 1271; x_wconf 79' lang='lat' dir='ltr'><strong>Vols.</strong></span> <span class='ocrx_word' id='word_1_126' title='bbox 861 1247 892 1269; x_wconf 84' lang='lat'><strong>1.</strong></span> <span class='ocrx_word' id='word_1_127' title='bbox 926 1244 962 1269; x_wconf 89' lang='lat' dir='ltr'><strong>et</strong></span> <span class='ocrx_word' id='word_1_128' title='bbox 990 1233 1092 1269; x_wconf 75' lang='lat' dir='ltr'><strong>Bafil.</strong></span> <span class='ocrx_word' id='word_1_129' title='bbox 1147 1234 1216 1268; x_wconf 83' lang='lat' dir='ltr'><strong>Sed</strong></span> <span class='ocrx_word' id='word_1_130' title='bbox 1249 1232 1342 1269; x_wconf 74' lang='lat' dir='ltr'><strong>Alm.</strong></span> <span class='ocrx_word' id='word_1_131' title='bbox 1371 1234 1578 1286; x_wconf 75' lang='lat' dir='ltr'><strong>affumerent</strong></span> <span class='ocrx_word' id='word_1_132' title='bbox 1614 1240 1632 1270; x_wconf 59' lang='grc' dir='ltr'><strong>ἑ.</strong></span> 
     </span>
     <span class='ocr_line' id='line_1_18' title="bbox 275 1287 1305 1333; baseline 0.001 -11"><span class='ocrx_word' id='word_1_133' title='bbox 275 1289 336 1333; x_wconf 86' lang='lat' dir='ltr'><strong>(cf.</strong></span> <span class='ocrx_word' id='word_1_134' title='bbox 358 1289 469 1322; x_wconf 85' lang='lat' dir='ltr'><strong>modo</strong></span> <span class='ocrx_word' id='word_1_135' title='bbox 490 1287 606 1332; x_wconf 77' lang='lat' dir='ltr'><strong>hac§.</strong></span> <span class='ocrx_word' id='word_1_136' title='bbox 627 1289 715 1322; x_wconf 88' lang='lat' dir='ltr'><strong>item</strong></span> <span class='ocrx_word' id='word_1_137' title='bbox 738 1289 758 1332; x_wconf 82' lang='lat'>§</span> <span class='ocrx_word' id='word_1_138' title='bbox 781 1291 863 1332; x_wconf 83' lang='lat'><strong>22.)</strong></span> <span class='ocrx_word' id='word_1_139' title='bbox 886 1303 968 1324; x_wconf 86' lang='lat' dir='ltr'><strong>cum</strong></span> <span class='ocrx_word' id='word_1_140' title='bbox 989 1289 1067 1324; x_wconf 88' lang='lat' dir='ltr'><strong>edd.</strong></span> <span class='ocrx_word' id='word_1_141' title='bbox 1088 1299 1169 1323; x_wconf 82' lang='lat' dir='ltr'><strong>ante</strong></span> <span class='ocrx_word' id='word_1_142' title='bbox 1189 1292 1305 1324; x_wconf 84' lang='lat' dir='ltr'><strong>Stoer.</strong></span> 
     </span>
    </p>
   </div>
   <div class='ocr_carea' id='block_1_13' title="bbox 355 1362 1576 1410">
    <p class='ocr_par' dir='ltr' id='par_1_13' title="bbox 355 1362 1576 1410">
     <span class='ocr_line' id='line_1_19' title="bbox 355 1362 1576 1410; baseline -0.001 -12"><span class='ocrx_word' id='word_1_143' title='bbox 355 1374 491 1410; x_wconf 79' lang='lat' dir='ltr'><strong>aptum.</strong></span> <span class='ocrx_word' id='word_1_144' title='bbox 548 1363 672 1398; x_wconf 81' lang='lat' dir='ltr'><strong>Turio.</strong></span> <span class='ocrx_word' id='word_1_145' title='bbox 710 1374 824 1399; x_wconf 79' lang='lat' dir='ltr'><strong>actum</strong></span> <span class='ocrx_word' id='word_1_146' title='bbox 855 1367 901 1407; x_wconf 82' lang='lat' dir='ltr'><strong>&lt;a</strong></span> <span class='ocrx_word' id='word_1_147' title='bbox 934 1366 995 1400; x_wconf 86' lang='lat' dir='ltr'><strong>l&#39;ec.</strong></span> <span class='ocrx_word' id='word_1_148' title='bbox 1024 1377 1134 1398; x_wconf 79' lang='lat' dir='ltr'><strong>manu</strong></span> <span class='ocrx_word' id='word_1_149' title='bbox 1163 1365 1338 1406; x_wconf 81' lang='lat' dir='ltr'><em>mactum)</em></span> <span class='ocrx_word' id='word_1_150' title='bbox 1368 1362 1460 1399; x_wconf 81' lang='lat' dir='ltr'><strong>illud</strong></span> <span class='ocrx_word' id='word_1_151' title='bbox 1491 1375 1576 1398; x_wconf 86' lang='lat' dir='ltr'><strong>cum</strong></span> 
     </span>
    </p>
   </div>
   <div class='ocr_carea' id='block_1_14' title="bbox 272 1417 937 1458">
    <p class='ocr_par' dir='ltr' id='par_1_14' title="bbox 272 1417 937 1458">
     <span class='ocr_line' id='line_1_20' title="bbox 272 1417 937 1458; baseline 0.003 -5"><span class='ocrx_word' id='word_1_152' title='bbox 272 1417 369 1454; x_wconf 81' lang='lat' dir='ltr'><strong>Alm.</strong></span> <span class='ocrx_word' id='word_1_153' title='bbox 383 1442 394 1458; x_wconf 88' lang='lat'><strong>,</strong></span> <span class='ocrx_word' id='word_1_154' title='bbox 419 1419 490 1453; x_wconf 85' lang='lat' dir='ltr'><strong>hoc</strong></span> <span class='ocrx_word' id='word_1_155' title='bbox 510 1431 594 1453; x_wconf 87' lang='lat' dir='ltr'><strong>cum</strong></span> <span class='ocrx_word' id='word_1_156' title='bbox 614 1419 710 1456; x_wconf 77' lang='lat' dir='ltr'><strong>Voss&#39;.</strong></span> <span class='ocrx_word' id='word_1_157' title='bbox 735 1433 767 1454; x_wconf 80' lang='grc' dir='ltr'><strong>ι.</strong></span> <span class='ocrx_word' id='word_1_158' title='bbox 789 1429 824 1453; x_wconf 90' lang='lat' dir='ltr'><strong>et</strong></span> <span class='ocrx_word' id='word_1_159' title='bbox 847 1418 937 1456; x_wconf 85' lang='lat' dir='ltr'><strong>Obr.</strong></span> 
     </span>
    </p>
   </div>
   <div class='ocr_carea' id='block_1_15' title="bbox 263 1569 895 2225">
    <p class='ocr_par' dir='ltr' id='par_1_15' title="bbox 263 1569 895 2225">
     <span class='ocr_line' id='line_1_21' title="bbox 322 1569 895 1618; baseline 0 -14"><span class='ocrx_word' id='word_1_160' title='bbox 322 1569 485 1616; x_wconf 77' lang='lat' dir='ltr'><strong>Bagoam</strong></span> <span class='ocrx_word' id='word_1_161' title='bbox 533 1589 587 1596; x_wconf 93' lang='lat'><strong>—-</strong></span> <span class='ocrx_word' id='word_1_162' title='bbox 633 1570 895 1618; x_wconf 79' lang='lat' dir='ltr'><strong>Megabyzum.</strong></span> 
     </span>
     <span class='ocr_line' id='line_1_22' title="bbox 267 1623 895 1660; baseline 0 -1"><span class='ocrx_word' id='word_1_163' title='bbox 267 1623 382 1659; x_wconf 80' lang='lat' dir='ltr'><strong>Solita</strong></span> <span class='ocrx_word' id='word_1_164' title='bbox 435 1625 585 1659; x_wconf 79' lang='lat' dir='ltr'><strong>fuerunt</strong></span> <span class='ocrx_word' id='word_1_165' title='bbox 639 1625 895 1660; x_wconf 85' lang='lat' dir='ltr'><strong>eunuchorum</strong></span> 
     </span>
     <span class='ocr_line' id='line_1_23' title="bbox 266 1678 894 1723; baseline -0.002 -9"><span class='ocrx_word' id='word_1_166' title='bbox 266 1680 427 1714; x_wconf 82' lang='lat' dir='ltr'><strong>nomina.</strong></span> <span class='ocrx_word' id='word_1_167' title='bbox 474 1679 561 1714; x_wconf 83' lang='lat' dir='ltr'><strong>vide</strong></span> <span class='ocrx_word' id='word_1_168' title='bbox 581 1678 671 1714; x_wconf 84' lang='lat' dir='ltr'><strong>Plin.</strong></span> <span class='ocrx_word' id='word_1_169' title='bbox 691 1682 739 1715; x_wconf 84' lang='grc' dir='ltr'><strong>Η.</strong></span> <span class='ocrx_word' id='word_1_170' title='bbox 759 1682 808 1716; x_wconf 83' lang='lat' dir='ltr'><strong>N.</strong></span> <span class='ocrx_word' id='word_1_171' title='bbox 834 1687 894 1723; x_wconf 82' lang='lat'><strong>1&#39;5,</strong></span> 
     </span>
     <span class='ocr_line' id='line_1_24' title="bbox 266 1734 894 1785; baseline 0.005 -18"><span class='ocrx_word' id='word_1_172' title='bbox 266 1740 304 1781; x_wconf 70' lang='lat'><strong>4,</strong></span> <span class='ocrx_word' id='word_1_173' title='bbox 337 1747 372 1781; x_wconf 88' lang='lat'><strong>9.</strong></span> <span class='ocrx_word' id='word_1_174' title='bbox 406 1758 428 1773; x_wconf 90' lang='lat'><strong>‚,</strong></span> <span class='ocrx_word' id='word_1_175' title='bbox 439 1735 477 1768; x_wconf 84' lang='lat' dir='ltr'><strong>in</strong></span> <span class='ocrx_word' id='word_1_176' title='bbox 498 1734 605 1769; x_wconf 87' lang='lat' dir='ltr'><strong>horto</strong></span> <span class='ocrx_word' id='word_1_177' title='bbox 628 1737 754 1784; x_wconf 78' lang='lat' dir='ltr'><strong>Bagou</strong></span> <span class='ocrx_word' id='word_1_178' title='bbox 765 1743 786 1757; x_wconf 80' lang='lat'><strong>⁶⁶</strong></span> <span class='ocrx_word' id='word_1_179' title='bbox 819 1741 894 1785; x_wconf 78' lang='lat' dir='ltr'><strong>(ge-</strong></span> 
     </span>
     <span class='ocr_line' id='line_1_25' title="bbox 265 1789 893 1840; baseline 0.005 -18"><span class='ocrx_word' id='word_1_180' title='bbox 265 1789 407 1824; x_wconf 80' lang='lat' dir='ltr'><strong>nitivus</strong></span> <span class='ocrx_word' id='word_1_181' title='bbox 427 1801 575 1840; x_wconf 80' lang='lat' dir='ltr'><strong>graecus</strong></span> <span class='ocrx_word' id='word_1_182' title='bbox 596 1789 707 1837; x_wconf 85' lang='lat' dir='ltr'><strong>est),</strong></span> <span class='ocrx_word' id='word_1_183' title='bbox 710 1793 781 1829; x_wconf 79' lang='lat' dir='ltr'><strong>,ita</strong></span> <span class='ocrx_word' id='word_1_184' title='bbox 803 1795 893 1825; x_wconf 77' lang='lat' dir='ltr'><strong>enim</strong></span> 
     </span>
     <span class='ocr_line' id='line_1_26' title="bbox 265 1843 893 1893; baseline 0.003 -15.114"><span class='ocrx_word' id='word_1_185' title='bbox 265 1853 455 1884; x_wconf 74' lang='lat' dir='ltr'><strong>„“vocanc</strong></span> <span class='ocrx_word' id='word_1_186' title='bbox 504 1844 523 1889; x_wconf 95' lang='lat'>[</span> <span class='ocrx_word' id='word_1_187' title='bbox 536 1843 680 1893; x_wconf 73' lang='lat' dir='ltr'><strong>Persae]</strong></span> <span class='ocrx_word' id='word_1_188' title='bbox 733 1845 893 1893; x_wconf 84' lang='lat' dir='ltr'><strong>„spado-</strong></span> 
     </span>
     <span class='ocr_line' id='line_1_27' title="bbox 281 1899 891 1947; baseline 0 -14"><span class='ocrx_word' id='word_1_189' title='bbox 281 1907 382 1936; x_wconf 54' lang='grc' dir='ltr'><strong><em>,ἐπες</em></strong></span> <span class='ocrx_word' id='word_1_190' title='bbox 453 1899 579 1934; x_wconf 83' lang='lat' dir='ltr'><strong>Strabo</strong></span> <span class='ocrx_word' id='word_1_191' title='bbox 610 1899 636 1936; x_wconf 83' lang='lat' dir='ltr'><strong>l.</strong></span> <span class='ocrx_word' id='word_1_192' title='bbox 660 1906 718 1946; x_wconf 76' lang='lat'><strong>14.</strong></span> <span class='ocrx_word' id='word_1_193' title='bbox 749 1914 784 1947; x_wconf 87' lang='lat' dir='ltr'><strong>p.</strong></span> <span class='ocrx_word' id='word_1_194' title='bbox 799 1900 891 1946; x_wconf 73' lang='lat'><strong>641.</strong></span> 
     </span>
     <span class='ocr_line' id='line_1_28' title="bbox 264 1952 891 2022; baseline 0.002 -34.025"><span class='ocrx_word' id='word_1_195' title='bbox 264 1953 392 2001; x_wconf 77' lang='grc' dir='ltr'>Ἱερὲας</span> <span class='ocrx_word' id='word_1_196' title='bbox 426 1952 454 1989; x_wconf 79' lang='grc' dir='ltr'><strong>ὃ</strong></span> <span class='ocrx_word' id='word_1_197' title='bbox 498 1953 753 2022; x_wconf 41' lang='lat' dir='ltr'><strong>evvqoiixovg</strong></span> <span class='ocrx_word' id='word_1_198' title='bbox 795 1957 891 2002; x_wconf 75' lang='grc' dir='ltr'><strong><em>εἶχον</em></strong></span> 
     </span>
     <span class='ocr_line' id='line_1_29' title="bbox 265 2007 889 2055; baseline 0.002 -12"><span class='ocrx_word' id='word_1_199' title='bbox 265 2009 466 2055; x_wconf 78' lang='lat' dir='ltr'><strong>(Ephesii)</strong></span> <span class='ocrx_word' id='word_1_200' title='bbox 538 2024 612 2050; x_wconf 72' lang='grc' dir='ltr'><strong>ους</strong></span> <span class='ocrx_word' id='word_1_201' title='bbox 685 2007 889 2046; x_wconf 67' lang='grc' dir='ltr'>ἐκάλουν</span> 
     </span>
     <span class='ocr_line' id='line_1_30' title="bbox 264 2062 891 2112; baseline 0 -12"><span class='ocrx_word' id='word_1_202' title='bbox 264 2062 655 2112; x_wconf 72' lang='grc' dir='ltr'>Μεγαλοβύζους</span> <span class='ocrx_word' id='word_1_203' title='bbox 690 2065 777 2111; x_wconf 83' lang='lat' dir='ltr'><strong>(vel</strong></span> <span class='ocrx_word' id='word_1_204' title='bbox 816 2067 891 2100; x_wconf 86' lang='grc' dir='ltr'><strong>Με-</strong></span> 
     </span>
     <span class='ocr_line' id='line_1_31' title="bbox 263 2117 889 2166; baseline 0 -13"><span class='ocrx_word' id='word_1_205' title='bbox 263 2117 449 2166; x_wconf 69' lang='grc' dir='ltr'><strong><em>ιγαβιὶζους</em></strong></span> <span class='ocrx_word' id='word_1_206' title='bbox 490 2130 531 2155; x_wconf 88' lang='lat' dir='ltr'><strong>ut</strong></span> <span class='ocrx_word' id='word_1_207' title='bbox 570 2120 621 2154; x_wconf 84' lang='lat' dir='ltr'><strong>ait</strong></span> <span class='ocrx_word' id='word_1_208' title='bbox 652 2120 889 2158; x_wconf 75' lang='lat' dir='ltr'><strong>Casaubonus,</strong></span> 
     </span>
     <span class='ocr_line' id='line_1_32' title="bbox 264 2175 891 2225; baseline 0.003 -17"><span class='ocrx_word' id='word_1_209' title='bbox 264 2175 391 2218; x_wconf 81' lang='lat' dir='ltr'><strong>eodem</strong></span> <span class='ocrx_word' id='word_1_210' title='bbox 412 2175 508 2209; x_wconf 86' lang='lat' dir='ltr'><strong>enim</strong></span> <span class='ocrx_word' id='word_1_211' title='bbox 528 2176 652 2218; x_wconf 81' lang='lat' dir='ltr'><strong>redit).</strong></span> <span class='ocrx_word' id='word_1_212' title='bbox 719 2176 891 2225; x_wconf 69' lang='lat' dir='ltr'><strong>Megaby-</strong></span> 
     </span>
    </p>
   </div>
   <div class='ocr_carea' id='block_1_16' title="bbox 262 2230 891 2278">
    <p class='ocr_par' dir='ltr' id='par_1_16' title="bbox 262 2230 891 2278">
     <span class='ocr_line' id='line_1_33' title="bbox 262 2230 891 2278; baseline 0 -15"><span class='ocrx_word' id='word_1_213' title='bbox 262 2241 323 2263; x_wconf 88' lang='lat' dir='ltr'><strong>zos</strong></span> <span class='ocrx_word' id='word_1_214' title='bbox 351 2230 390 2263; x_wconf 88' lang='lat' dir='ltr'><strong>in</strong></span> <span class='ocrx_word' id='word_1_215' title='bbox 420 2230 500 2265; x_wconf 81' lang='lat' dir='ltr'><strong>aula</strong></span> <span class='ocrx_word' id='word_1_216' title='bbox 528 2232 708 2265; x_wconf 59' lang='lat' dir='ltr'><strong>Persarum</strong></span> <span class='ocrx_word' id='word_1_217' title='bbox 738 2231 891 2278; x_wconf 64' lang='lat' dir='ltr'><strong>appella-</strong></span> 
     </span>
    </p>
   </div>
   <div class='ocr_carea' id='block_1_17' title="bbox 214 2283 888 2773">
    <p class='ocr_par' dir='ltr' id='par_1_17' title="bbox 214 2283 888 2773">
     <span class='ocr_line' id='line_1_34' title="bbox 263 2283 887 2333; baseline 0.002 -15"><span class='ocrx_word' id='word_1_218' title='bbox 263 2294 318 2325; x_wconf 81' lang='lat' dir='ltr'><strong>tos</strong></span> <span class='ocrx_word' id='word_1_219' title='bbox 347 2283 504 2324; x_wconf 88' lang='lat' dir='ltr'><strong>multos,</strong></span> <span class='ocrx_word' id='word_1_220' title='bbox 544 2285 696 2333; x_wconf 83' lang='lat' dir='ltr'><strong>plurimi</strong></span> <span class='ocrx_word' id='word_1_221' title='bbox 725 2295 887 2320; x_wconf 77' lang='lat' dir='ltr'><strong>auctores</strong></span> 
     </span>
     <span class='ocr_line' id='line_1_35' title="bbox 261 2340 887 2391; baseline 0.002 -17"><span class='ocrx_word' id='word_1_222' title='bbox 261 2340 355 2374; x_wconf 85' lang='lat' dir='ltr'><strong>sunt.</strong></span> <span class='ocrx_word' id='word_1_223' title='bbox 428 2342 486 2375; x_wconf 87' lang='lat' dir='ltr'><strong>De</strong></span> <span class='ocrx_word' id='word_1_224' title='bbox 542 2340 745 2391; x_wconf 74' lang='lat' dir='ltr'><strong>Megabyzo</strong></span> <span class='ocrx_word' id='word_1_225' title='bbox 800 2342 887 2376; x_wconf 84' lang='lat' dir='ltr'><strong>vide</strong></span> 
     </span>
     <span class='ocr_line' id='line_1_36' title="bbox 260 2394 888 2430; baseline 0.003 -2"><span class='ocrx_word' id='word_1_226' title='bbox 260 2394 507 2430; x_wconf 81' lang='lat' dir='ltr'><strong>Hemsterbus.</strong></span> <span class='ocrx_word' id='word_1_227' title='bbox 552 2396 596 2429; x_wconf 85' lang='lat' dir='ltr'><strong>ad</strong></span> <span class='ocrx_word' id='word_1_228' title='bbox 635 2396 790 2430; x_wconf 75' lang='lat' dir='ltr'><strong>Luciani</strong></span> <span class='ocrx_word' id='word_1_229' title='bbox 825 2397 888 2430; x_wconf 80' lang='lat' dir='ltr'><strong>Ti-</strong></span> 
     </span>
     <span class='ocr_line' id='line_1_37' title="bbox 259 2450 884 2498; baseline 0.006 -16"><span class='ocrx_word' id='word_1_230' title='bbox 259 2461 360 2483; x_wconf 86' lang='lat' dir='ltr'><strong>mon.</strong></span> <span class='ocrx_word' id='word_1_231' title='bbox 382 2450 464 2486; x_wconf 85' lang='lat' dir='ltr'><strong>Vol.</strong></span> <span class='ocrx_word' id='word_1_232' title='bbox 481 2451 562 2498; x_wconf 76' lang='lat' dir='ltr'><strong>Rip.</strong></span> <span class='ocrx_word' id='word_1_233' title='bbox 589 2464 620 2484; x_wconf 82' lang='grc' dir='ltr'><strong>ι.</strong></span> <span class='ocrx_word' id='word_1_234' title='bbox 642 2464 676 2498; x_wconf 88' lang='lat' dir='ltr'><strong>p.</strong></span> <span class='ocrx_word' id='word_1_235' title='bbox 694 2457 771 2495; x_wconf 73' lang='lat'><strong>582</strong></span> <span class='ocrx_word' id='word_1_236' title='bbox 792 2452 884 2498; x_wconf 84' lang='lat' dir='ltr'><strong>seqq.</strong></span> 
     </span>
     <span class='ocr_line' id='line_1_38' title="bbox 259 2505 884 2552; baseline 0.005 -14"><span class='ocrx_word' id='word_1_237' title='bbox 259 2515 297 2538; x_wconf 85' lang='lat' dir='ltr'><strong>et</strong></span> <span class='ocrx_word' id='word_1_238' title='bbox 344 2505 502 2552; x_wconf 81' lang='lat' dir='ltr'><strong>interpp.</strong></span> <span class='ocrx_word' id='word_1_239' title='bbox 545 2505 589 2539; x_wconf 81' lang='lat' dir='ltr'><strong>ad</strong></span> <span class='ocrx_word' id='word_1_240' title='bbox 627 2505 706 2541; x_wconf 80' lang='lat' dir='ltr'><strong>Ael.</strong></span> <span class='ocrx_word' id='word_1_241' title='bbox 756 2517 798 2545; x_wconf 86' lang='lat'><strong>2,</strong></span> <span class='ocrx_word' id='word_1_242' title='bbox 849 2517 884 2541; x_wconf 81' lang='lat'><strong>2.</strong></span> 
     </span>
     <span class='ocr_line' id='line_1_39' title="bbox 214 2559 884 2610; baseline 0.003 -16"><span class='ocrx_word' id='word_1_243' title='bbox 214 2559 215 2562; x_wconf 68' lang='grc'>’</span> <span class='ocrx_word' id='word_1_244' title='bbox 257 2560 318 2595; x_wconf 76' lang='lat' dir='ltr'><strong>De</strong></span> <span class='ocrx_word' id='word_1_245' title='bbox 355 2562 476 2610; x_wconf 79' lang='lat' dir='ltr'><strong>Bagoa</strong></span> <span class='ocrx_word' id='word_1_246' title='bbox 518 2561 668 2596; x_wconf 79' lang='lat' dir='ltr'><strong>Lucian.</strong></span> <span class='ocrx_word' id='word_1_247' title='bbox 717 2562 884 2596; x_wconf 83' lang='lat' dir='ltr'><strong>Eunuch.</strong></span> 
     </span>
     <span class='ocr_line' id='line_1_40' title="bbox 242 2613 885 2665; baseline -0.002 -13"><span class='ocrx_word' id='word_1_248' title='bbox 242 2613 343 2665; x_wconf 66' lang='lat' dir='ltr'><strong>Vol.</strong></span> <span class='ocrx_word' id='word_1_249' title='bbox 376 2617 458 2663; x_wconf 82' lang='lat' dir='ltr'><strong>Bip.</strong></span> <span class='ocrx_word' id='word_1_250' title='bbox 491 2622 516 2659; x_wconf 81' lang='lat'><em>5</em></span> <span class='ocrx_word' id='word_1_251' title='bbox 549 2629 585 2663; x_wconf 87' lang='lat' dir='ltr'><strong>p.</strong></span> <span class='ocrx_word' id='word_1_252' title='bbox 618 2621 695 2661; x_wconf 71' lang='lat'><strong>204</strong></span> <span class='ocrx_word' id='word_1_253' title='bbox 726 2618 817 2663; x_wconf 86' lang='lat' dir='ltr'><strong>seqq.</strong></span> <span class='ocrx_word' id='word_1_254' title='bbox 849 2627 885 2651; x_wconf 85' lang='lat' dir='ltr'><strong>et</strong></span> 
     </span>
     <span class='ocr_line' id='line_1_41' title="bbox 258 2669 885 2718; baseline 0.005 -16"><span class='ocrx_word' id='word_1_255' title='bbox 258 2669 415 2718; x_wconf 84' lang='lat' dir='ltr'><strong>interpp.</strong></span> <span class='ocrx_word' id='word_1_256' title='bbox 471 2670 575 2706; x_wconf 78' lang='lat' dir='ltr'><strong>Adde</strong></span> <span class='ocrx_word' id='word_1_257' title='bbox 604 2672 747 2706; x_wconf 81' lang='lat' dir='ltr'><strong>Bosmm</strong></span> <span class='ocrx_word' id='word_1_258' title='bbox 769 2673 807 2704; x_wconf 85' lang='lat' dir='ltr'><strong>in</strong></span> <span class='ocrx_word' id='word_1_259' title='bbox 831 2673 885 2705; x_wconf 81' lang='lat' dir='ltr'><strong>iu-</strong></span> 
     </span>
     <span class='ocr_line' id='line_1_42' title="bbox 258 2723 882 2773; baseline 0.005 -15"><span class='ocrx_word' id='word_1_260' title='bbox 258 2723 336 2759; x_wconf 77' lang='lat' dir='ltr'><strong>dice</strong></span> <span class='ocrx_word' id='word_1_261' title='bbox 354 2725 463 2761; x_wconf 86' lang='lat' dir='ltr'><strong>Corn.</strong></span> <span class='ocrx_word' id='word_1_262' title='bbox 484 2726 576 2773; x_wconf 85' lang='lat' dir='ltr'><strong>Nep.</strong></span> <span class='ocrx_word' id='word_1_263' title='bbox 603 2738 690 2760; x_wconf 83' lang='lat' dir='ltr'><strong>voce</strong></span> <span class='ocrx_word' id='word_1_264' title='bbox 709 2727 882 2772; x_wconf 71' lang='lat' dir='ltr'><strong>Bagaeus.</strong></span> 
     </span>
    </p>
   </div>
   <div class='ocr_carea' id='block_1_18' title="bbox 977 1418 1636 1466">
    <p class='ocr_par' dir='ltr' id='par_1_18' title="bbox 977 1418 1636 1466">
     <span class='ocr_line' id='line_1_43' title="bbox 977 1418 1636 1466; baseline -0.009 -10"><span class='ocrx_word' id='word_1_265' title='bbox 977 1420 1151 1456; x_wconf 81' lang='lat' dir='ltr'><strong>Nostrum</strong></span> <span class='ocrx_word' id='word_1_266' title='bbox 1172 1419 1292 1454; x_wconf 78' lang='lat' dir='ltr'><strong>Guelf.</strong></span> <span class='ocrx_word' id='word_1_267' title='bbox 1314 1418 1426 1454; x_wconf 84' lang='lat' dir='ltr'><strong>Goth.</strong></span> <span class='ocrx_word' id='word_1_268' title='bbox 1449 1421 1576 1466; x_wconf 82' lang='lat' dir='ltr'><strong>Camp.</strong></span> <span class='ocrx_word' id='word_1_269' title='bbox 1632 1447 1636 1450; x_wconf 90' lang='lat'><strong>.</strong></span> 
     </span>
    </p>
   </div>
   <div class='ocr_carea' id='block_1_19' title="bbox 938 1568 1623 2777">
    <p class='ocr_par' dir='ltr' id='par_1_19' title="bbox 945 1568 1623 2060">
     <span class='ocr_line' id='line_1_44' title="bbox 950 1568 1623 1617; baseline -0.001 -11"><span class='ocrx_word' id='word_1_270' title='bbox 950 1570 1119 1616; x_wconf 79' lang='lat' dir='ltr'><strong>Namque</strong></span> <span class='ocrx_word' id='word_1_271' title='bbox 1155 1579 1191 1604; x_wconf 90' lang='lat' dir='ltr'><strong>et</strong></span> <span class='ocrx_word' id='word_1_272' title='bbox 1226 1569 1298 1604; x_wconf 86' lang='lat' dir='ltr'><strong>hoc</strong></span> <span class='ocrx_word' id='word_1_273' title='bbox 1328 1568 1575 1617; x_wconf 82' lang='lat' dir='ltr'><strong>plurimorum</strong></span> <span class='ocrx_word' id='word_1_274' title='bbox 1617 1598 1623 1612; x_wconf 53' lang='lat' dir='ltr'><em>s</em></span> 
     </span>
     <span class='ocr_line' id='line_1_45' title="bbox 950 1624 1576 1673; baseline 0 -15"><span class='ocrx_word' id='word_1_275' title='bbox 950 1637 1082 1660; x_wconf 84' lang='lat' dir='ltr'><strong>nomen</strong></span> <span class='ocrx_word' id='word_1_276' title='bbox 1112 1626 1314 1673; x_wconf 83' lang='lat' dir='ltr'><strong>proprium.</strong></span> <span class='ocrx_word' id='word_1_277' title='bbox 1372 1624 1496 1661; x_wconf 80' lang='lat' dir='ltr'>Obstat</span> <span class='ocrx_word' id='word_1_278' title='bbox 1526 1634 1576 1659; x_wconf 78' lang='lat' dir='ltr'><strong>ta·</strong></span> 
     </span>
     <span class='ocr_line' id='line_1_46' title="bbox 949 1679 1574 1727; baseline -0.002 -12"><span class='ocrx_word' id='word_1_279' title='bbox 949 1693 1031 1715; x_wconf 84' lang='lat' dir='ltr'><strong>men</strong></span> <span class='ocrx_word' id='word_1_280' title='bbox 1097 1679 1367 1727; x_wconf 82' lang='lat' dir='ltr'><strong>quodammodo</strong></span> <span class='ocrx_word' id='word_1_281' title='bbox 1436 1679 1574 1714; x_wconf 82' lang='lat' dir='ltr'><strong>Plinius</strong></span> 
     </span>
     <span class='ocr_line' id='line_1_47' title="bbox 950 1735 1572 1783; baseline -0.002 -13"><span class='ocrx_word' id='word_1_282' title='bbox 950 1735 1176 1783; x_wconf 77' lang='lat' dir='ltr'><strong>Quintiliano</strong></span> <span class='ocrx_word' id='word_1_283' title='bbox 1207 1735 1232 1770; x_wconf 86' lang='lat' dir='ltr'><strong>l.</strong></span> <span class='ocrx_word' id='word_1_284' title='bbox 1264 1744 1328 1778; x_wconf 79' lang='lat'><strong>55.</strong></span> <span class='ocrx_word' id='word_1_285' title='bbox 1361 1748 1390 1769; x_wconf 89' lang='lat' dir='ltr'><strong>c.</strong></span> <span class='ocrx_word' id='word_1_286' title='bbox 1424 1747 1489 1773; x_wconf 85' lang='lat'><strong>10,</strong></span> <span class='ocrx_word' id='word_1_287' title='bbox 1534 1748 1572 1783; x_wconf 79' lang='lat' dir='ltr'><strong>p.</strong></span> 
     </span>
     <span class='ocr_line' id='line_1_48' title="bbox 947 1789 1573 1840; baseline -0.005 -14"><span class='ocrx_word' id='word_1_288' title='bbox 947 1791 1058 1826; x_wconf 77' lang='lat' dir='ltr'><strong>Hard.</strong></span> <span class='ocrx_word' id='word_1_289' title='bbox 1082 1790 1192 1838; x_wconf 82' lang='lat'><strong>¹697.</strong></span> <span class='ocrx_word' id='word_1_290' title='bbox 1251 1789 1495 1840; x_wconf 81' lang='lat' dir='ltr'><strong>Megabyzum</strong></span> <span class='ocrx_word' id='word_1_291' title='bbox 1531 1790 1573 1824; x_wconf 81' lang='lat' dir='ltr'><strong>in</strong></span> 
     </span>
     <span class='ocr_line' id='line_1_49' title="bbox 946 1844 1574 1894; baseline -0.003 -14"><span class='ocrx_word' id='word_1_292' title='bbox 946 1859 1080 1894; x_wconf 85' lang='lat' dir='ltr'><strong>pompa</strong></span> <span class='ocrx_word' id='word_1_293' title='bbox 1133 1845 1270 1880; x_wconf 75' lang='lat' dir='ltr'><strong>Dianae</strong></span> <span class='ocrx_word' id='word_1_294' title='bbox 1332 1847 1468 1892; x_wconf 84' lang='lat' dir='ltr'><strong>pictum</strong></span> <span class='ocrx_word' id='word_1_295' title='bbox 1526 1844 1574 1894; x_wconf 64' lang='lat' dir='ltr'><strong>nb,</strong></span> 
     </span>
     <span class='ocr_line' id='line_1_50' title="bbox 946 1900 1572 1948; baseline -0.002 -13"><span class='ocrx_word' id='word_1_296' title='bbox 946 1901 1072 1948; x_wconf 84' lang='lat' dir='ltr'><strong>Apelle</strong></span> <span class='ocrx_word' id='word_1_297' title='bbox 1091 1901 1267 1938; x_wconf 75' lang='lat' dir='ltr'><strong>referens,</strong></span> <span class='ocrx_word' id='word_1_298' title='bbox 1304 1900 1359 1934; x_wconf 85' lang='lat' dir='ltr'><strong>sed</strong></span> <span class='ocrx_word' id='word_1_299' title='bbox 1382 1912 1499 1947; x_wconf 85' lang='lat' dir='ltr'><strong>neque</strong></span> <span class='ocrx_word' id='word_1_300' title='bbox 1519 1901 1572 1934; x_wconf 85' lang='grc' dir='ltr'><strong>[ο-</strong></span> 
     </span>
     <span class='ocr_line' id='line_1_51' title="bbox 945 1955 1572 2002; baseline -0.003 -12"><span class='ocrx_word' id='word_1_301' title='bbox 945 1956 1045 1995; x_wconf 77' lang='lat' dir='ltr'><strong>lum,</strong></span> <span class='ocrx_word' id='word_1_302' title='bbox 1074 1969 1191 2002; x_wconf 84' lang='lat' dir='ltr'><strong>neque</strong></span> <span class='ocrx_word' id='word_1_303' title='bbox 1211 1956 1254 1989; x_wconf 88' lang='lat' dir='ltr'><strong>de</strong></span> <span class='ocrx_word' id='word_1_304' title='bbox 1276 1955 1469 1994; x_wconf 82' lang='lat' dir='ltr'><strong>industria,</strong></span> <span class='ocrx_word' id='word_1_305' title='bbox 1497 1965 1572 1989; x_wconf 79' lang='lat' dir='ltr'><strong>tan·</strong></span> 
     </span>
     <span class='ocr_line' id='line_1_52' title="bbox 945 2010 1430 2060; baseline -0.002 -15"><span class='ocrx_word' id='word_1_306' title='bbox 945 2024 1052 2060; x_wconf 82' lang='lat' dir='ltr'><strong>quam</strong></span> <span class='ocrx_word' id='word_1_307' title='bbox 1077 2010 1261 2058; x_wconf 79' lang='lat' dir='ltr'><strong>exemplar</strong></span> <span class='ocrx_word' id='word_1_308' title='bbox 1282 2010 1430 2044; x_wconf 80' lang='lat' dir='ltr'><strong>formae.</strong></span> 
     </span>
    </p>

    <p class='ocr_par' dir='ltr' id='par_1_20' title="bbox 938 2064 1622 2777">
     <span class='ocr_line' id='line_1_53' title="bbox 1001 2064 1570 2114; baseline -0.009 -13"><span class='ocrx_word' id='word_1_309' title='bbox 1001 2066 1243 2114; x_wconf 84' lang='lat' dir='ltr'><strong>Doryphoron</strong></span> <span class='ocrx_word' id='word_1_310' title='bbox 1263 2066 1371 2100; x_wconf 78' lang='lat' dir='ltr'><strong>illum.</strong></span> <span class='ocrx_word' id='word_1_311' title='bbox 1411 2064 1570 2112; x_wconf 79' lang='lat' dir='ltr'><strong>Polycle-</strong></span> 
     </span>
     <span class='ocr_line' id='line_1_54' title="bbox 947 2120 1568 2166; baseline -0.002 -10"><span class='ocrx_word' id='word_1_312' title='bbox 947 2122 999 2160; x_wconf 86' lang='lat' dir='ltr'><strong>ti,</strong></span> <span class='ocrx_word' id='word_1_313' title='bbox 1045 2123 1090 2156; x_wconf 88' lang='lat' dir='ltr'><strong>cf.</strong></span> <span class='ocrx_word' id='word_1_314' title='bbox 1131 2120 1221 2155; x_wconf 85' lang='lat' dir='ltr'><strong>Plin.</strong></span> <span class='ocrx_word' id='word_1_315' title='bbox 1260 2123 1308 2155; x_wconf 87' lang='lat' dir='ltr'><strong>H.</strong></span> <span class='ocrx_word' id='word_1_316' title='bbox 1340 2121 1388 2156; x_wconf 91' lang='lat' dir='ltr'><strong>N.</strong></span> <span class='ocrx_word' id='word_1_317' title='bbox 1425 2127 1498 2166; x_wconf 74' lang='lat'><strong>54,</strong></span> <span class='ocrx_word' id='word_1_318' title='bbox 1529 2127 1568 2164; x_wconf 81' lang='grc'><strong>8.</strong></span> 
     </span>
     <span class='ocr_line' id='line_1_55' title="bbox 945 2174 1569 2224; baseline -0.003 -14"><span class='ocrx_word' id='word_1_319' title='bbox 945 2176 1073 2224; x_wconf 81' lang='lat' dir='ltr'><strong>(quem</strong></span> <span class='ocrx_word' id='word_1_320' title='bbox 1102 2176 1188 2210; x_wconf 82' lang='lat' dir='ltr'><strong>fecit</strong></span> <span class='ocrx_word' id='word_1_321' title='bbox 1216 2176 1347 2210; x_wconf 82' lang='lat' dir='ltr'><strong>artifex</strong></span> <span class='ocrx_word' id='word_1_322' title='bbox 1376 2174 1569 2214; x_wconf 81' lang='lat' dir='ltr'><strong>„viriliter</strong></span> 
     </span>
     <span class='ocr_line' id='line_1_56' title="bbox 943 2231 1622 2279; baseline -0.001 -15"><span class='ocrx_word' id='word_1_323' title='bbox 943 2244 1131 2279; x_wconf 80' lang='lat' dir='ltr'><strong>„puerum</strong></span> <span class='ocrx_word' id='word_1_324' title='bbox 1145 2231 1194 2278; x_wconf 86' lang='lat'><strong>“)</strong></span> <span class='ocrx_word' id='word_1_325' title='bbox 1214 2231 1298 2264; x_wconf 73' lang='lat' dir='ltr'><strong>vide</strong></span> <span class='ocrx_word' id='word_1_326' title='bbox 1319 2240 1355 2264; x_wconf 76' lang='lat' dir='ltr'><strong>et</strong></span> <span class='ocrx_word' id='word_1_327' title='bbox 1375 2231 1447 2265; x_wconf 82' lang='lat' dir='ltr'><strong>Cic.</strong></span> <span class='ocrx_word' id='word_1_328' title='bbox 1464 2233 1567 2264; x_wconf 75' lang='lat' dir='ltr'><strong>Brut.</strong></span> <span class='ocrx_word' id='word_1_329' title='bbox 1619 2258 1622 2262; x_wconf 93' lang='lat'><strong>.</strong></span> 
     </span>
     <span class='ocr_line' id='line_1_57' title="bbox 943 2286 1568 2330; baseline -0.003 -9"><span class='ocrx_word' id='word_1_330' title='bbox 943 2301 973 2321; x_wconf 91' lang='lat' dir='ltr'><strong>c.</strong></span> <span class='ocrx_word' id='word_1_331' title='bbox 997 2287 1060 2330; x_wconf 69' lang='grc'><strong>86.</strong></span> <span class='ocrx_word' id='word_1_332' title='bbox 1102 2287 1204 2322; x_wconf 72' lang='lat' dir='ltr'><strong>Orat.</strong></span> <span class='ocrx_word' id='word_1_333' title='bbox 1234 2299 1262 2320; x_wconf 91' lang='lat' dir='ltr'><strong>c.</strong></span> <span class='ocrx_word' id='word_1_334' title='bbox 1286 2295 1320 2320; x_wconf 83' lang='lat'><strong>2.</strong></span> <span class='ocrx_word' id='word_1_335' title='bbox 1379 2286 1476 2321; x_wconf 73' lang='lat' dir='ltr'><strong>Cave</strong></span> <span class='ocrx_word' id='word_1_336' title='bbox 1508 2298 1568 2319; x_wconf 80' lang='lat' dir='ltr'><strong>au.-</strong></span> 
     </span>
     <span class='ocr_line' id='line_1_58' title="bbox 944 2339 1567 2378; baseline -0.003 -2"><span class='ocrx_word' id='word_1_337' title='bbox 944 2353 1015 2376; x_wconf 88' lang='lat' dir='ltr'><strong>tem</strong></span> <span class='ocrx_word' id='word_1_338' title='bbox 1039 2343 1195 2376; x_wconf 82' lang='lat' dir='ltr'><strong>Gesnero</strong></span> <span class='ocrx_word' id='word_1_339' title='bbox 1219 2340 1358 2378; x_wconf 75' lang='lat' dir='ltr'><strong>credas,</strong></span> <span class='ocrx_word' id='word_1_340' title='bbox 1408 2339 1567 2374; x_wconf 80' lang='lat' dir='ltr'><strong>effictum</strong></span> 
     </span>
     <span class='ocr_line' id='line_1_59' title="bbox 941 2395 1566 2442; baseline -0.006 -11"><span class='ocrx_word' id='word_1_341' title='bbox 941 2397 1045 2432; x_wconf 76' lang='lat' dir='ltr'><strong>fuiffe</strong></span> <span class='ocrx_word' id='word_1_342' title='bbox 1064 2398 1185 2431; x_wconf 77' lang='lat' dir='ltr'><strong>Jovem</strong></span> <span class='ocrx_word' id='word_1_343' title='bbox 1201 2396 1489 2442; x_wconf 77' lang='lat' dir='ltr'><strong>Doryphorum;</strong></span> <span class='ocrx_word' id='word_1_344' title='bbox 1526 2395 1566 2428; x_wconf 81' lang='lat' dir='ltr'><strong>in</strong></span> 
     </span>
     <span class='ocr_line' id='line_1_60' title="bbox 941 2452 1566 2499; baseline -0.005 -13"><span class='ocrx_word' id='word_1_345' title='bbox 941 2465 1047 2499; x_wconf 85' lang='lat' dir='ltr'><strong>quem</strong></span> <span class='ocrx_word' id='word_1_346' title='bbox 1067 2452 1210 2498; x_wconf 79' lang='lat' dir='ltr'><strong>puerilis</strong></span> <span class='ocrx_word' id='word_1_347' title='bbox 1229 2459 1320 2484; x_wconf 75' lang='lat' dir='ltr'><strong>aetas</strong></span> <span class='ocrx_word' id='word_1_348' title='bbox 1339 2461 1566 2497; x_wconf 80' lang='lat' dir='ltr'><strong>nequaquam</strong></span> 
     </span>
     <span class='ocr_line' id='line_1_61' title="bbox 941 2504 1563 2550; baseline -0.005 -9"><span class='ocrx_word' id='word_1_349' title='bbox 941 2508 1046 2542; x_wconf 76' lang='lat' dir='ltr'><strong>cadit.</strong></span> <span class='ocrx_word' id='word_1_350' title='bbox 1103 2506 1188 2540; x_wconf 83' lang='lat' dir='ltr'><strong>Fuit</strong></span> <span class='ocrx_word' id='word_1_351' title='bbox 1238 2504 1370 2540; x_wconf 76' lang='lat' dir='ltr'><strong>satelles</strong></span> <span class='ocrx_word' id='word_1_352' title='bbox 1421 2504 1563 2550; x_wconf 81' lang='lat' dir='ltr'><strong>aliquis.</strong></span> 
     </span>
     <span class='ocr_line' id='line_1_62' title="bbox 941 2559 1565 2600; baseline -0.006 -4"><span class='ocrx_word' id='word_1_353' title='bbox 941 2562 1043 2597; x_wconf 72' lang='lat' dir='ltr'><strong>Idem</strong></span> <span class='ocrx_word' id='word_1_354' title='bbox 1063 2586 1085 2600; x_wconf 84' lang='lat'><strong>‚‚</strong></span> <span class='ocrx_word' id='word_1_355' title='bbox 1097 2562 1350 2596; x_wconf 68' lang='lat' dir='ltr'><strong>Diadumenum</strong></span> <span class='ocrx_word' id='word_1_356' title='bbox 1373 2560 1456 2594; x_wconf 79' lang='lat' dir='ltr'><strong>fecit</strong></span> <span class='ocrx_word' id='word_1_357' title='bbox 1473 2559 1565 2593; x_wconf 85' lang='lat' dir='ltr'><strong>mol-</strong></span> 
     </span>
     <span class='ocr_line' id='line_1_63' title="bbox 939 2615 1562 2662; baseline -0.006 -11"><span class='ocrx_word' id='word_1_358' title='bbox 939 2641 961 2656; x_wconf 88' lang='lat'><strong>„</strong></span> <span class='ocrx_word' id='word_1_359' title='bbox 973 2617 1053 2651; x_wconf 80' lang='lat' dir='ltr'><strong>liter</strong></span> <span class='ocrx_word' id='word_1_360' title='bbox 1063 2617 1235 2662; x_wconf 83' lang='lat' dir='ltr'><strong>juvenem</strong></span> <span class='ocrx_word' id='word_1_361' title='bbox 1248 2623 1270 2636; x_wconf 80' lang='lat'><strong>‘⁶</strong></span> <span class='ocrx_word' id='word_1_362' title='bbox 1289 2615 1388 2661; x_wconf 83' lang='lat' dir='ltr'><strong>quod</strong></span> <span class='ocrx_word' id='word_1_363' title='bbox 1399 2624 1434 2648; x_wconf 88' lang='lat' dir='ltr'><strong>et</strong></span> <span class='ocrx_word' id='word_1_364' title='bbox 1446 2615 1562 2662; x_wconf 82' lang='lat' dir='ltr'><strong>ipsum</strong></span> 
     </span>
     <span class='ocr_line' id='line_1_64' title="bbox 939 2669 1563 2719; baseline -0.003 -14"><span class='ocrx_word' id='word_1_365' title='bbox 939 2671 1160 2718; x_wconf 77' lang='lat' dir='ltr'><strong>Quintiliani</strong></span> <span class='ocrx_word' id='word_1_366' title='bbox 1182 2669 1491 2719; x_wconf 75' lang='lat' dir='ltr'><strong>argumentationi</strong></span> <span class='ocrx_word' id='word_1_367' title='bbox 1509 2681 1563 2703; x_wconf 66' lang='lat' dir='ltr'><strong>rea·</strong></span> 
     </span>
     <span class='ocr_line' id='line_1_65' title="bbox 938 2725 1329 2777; baseline -0.003 -18"><span class='ocrx_word' id='word_1_368' title='bbox 938 2737 1076 2777; x_wconf 70' lang='lat' dir='ltr'><strong>pugnat</strong></span> <span class='ocrx_word' id='word_1_369' title='bbox 1096 2725 1329 2772; x_wconf 80' lang='lat' dir='ltr'><strong>aliquatenus.</strong></span> 
     </span>
    </p>
   </div>
  </div>
 </body>
</html>
