<?xml version="1.0" encoding="UTF-8"?>
<!DOCTYPE html PUBLIC "-//W3C//DTD XHTML 1.0 Transitional//EN"
    "http://www.w3.org/TR/xhtml1/DTD/xhtml1-transitional.dtd">
<html xmlns="http://www.w3.org/1999/xhtml" xml:lang="en" lang="en">
 <head>
  <title>
</title>
<meta http-equiv="Content-Type" content="text/html;charset=utf-8" />
  <meta name='ocr-system' content='tesseract 3.04.00' />
  <meta name='ocr-capabilities' content='ocr_page ocr_carea ocr_par ocr_line ocrx_word'/>
</head>
<body>
  <div class='ocr_page' id='page_1' title='image "./lexiconquintilia02bonnuoft/lexiconquintilia02bonnuoft_0366.png"; bbox 0 0 1644 2964; ppageno 0'>
   <div class='ocr_carea' id='block_1_1' title="bbox 291 169 1321 234">
    <p class='ocr_par' dir='ltr' id='par_1_1' title="bbox 291 169 1321 234">
     <span class='ocr_line' id='line_1_1' title="bbox 291 169 1321 234; baseline 0.012 -24"><span class='ocrx_word' id='word_1_1' title='bbox 291 169 380 222; x_wconf 69' lang='lat'>562</span> <span class='ocrx_word' id='word_1_2' title='bbox 599 173 673 216; x_wconf 83' lang='lat' dir='ltr'>M.</span> <span class='ocrx_word' id='word_1_3' title='bbox 703 173 832 217; x_wconf 79' lang='grc' dir='ltr'>ΕΑΒ.</span> <span class='ocrx_word' id='word_1_4' title='bbox 868 175 1274 234; x_wconf 82' lang='lat' dir='ltr'>QUJ.NT1L1AN1</span> <span class='ocrx_word' id='word_1_5' title='bbox 1318 219 1321 222; x_wconf 76' lang='grc'>,</span> 
     </span>
    </p>
   </div>
   <div class='ocr_carea' id='block_1_2' title="bbox 220 291 1631 1412">
    <p class='ocr_par' dir='ltr' id='par_1_2' title="bbox 220 291 1631 1412">
     <span class='ocr_line' id='line_1_2' title="bbox 286 291 1587 360; baseline 0.007 -21"><span class='ocrx_word' id='word_1_6' title='bbox 286 294 379 349; x_wconf 81' lang='lat' dir='ltr'>At,</span> <span class='ocrx_word' id='word_1_7' title='bbox 427 291 465 341; x_wconf 84' lang='lat' dir='ltr'>fi</span> <span class='ocrx_word' id='word_1_8' title='bbox 495 292 692 360; x_wconf 81' lang='lat' dir='ltr'>singula</span> <span class='ocrx_word' id='word_1_9' title='bbox 727 313 959 360; x_wconf 87' lang='lat' dir='ltr'>quaeque</span> <span class='ocrx_word' id='word_1_10' title='bbox 989 294 1300 354; x_wconf 70' lang='lat' dir='ltr'>diffolveiis,</span> <span class='ocrx_word' id='word_1_11' title='bbox 1359 305 1462 360; x_wconf 80' lang='lat' dir='ltr'>jam</span> <span class='ocrx_word' id='word_1_12' title='bbox 1497 301 1587 348; x_wconf 77' lang='lat' dir='ltr'>illa</span> 
     </span>
     <span class='ocr_line' id='line_1_3' title="bbox 285 365 1587 436; baseline 0.007 -22"><span class='ocrx_word' id='word_1_13' title='bbox 285 365 491 416; x_wconf 77' lang='lat' dir='ltr'>flamma</span> <span class='ocrx_word' id='word_1_14' title='bbox 510 406 525 427; x_wconf 89' lang='lat'>‚</span> <span class='ocrx_word' id='word_1_15' title='bbox 586 387 715 434; x_wconf 88' lang='lat' dir='ltr'>quae</span> <span class='ocrx_word' id='word_1_16' title='bbox 747 387 930 436; x_wconf 82' lang='lat' dir='ltr'>magna</span> <span class='ocrx_word' id='word_1_17' title='bbox 966 373 1205 436; x_wconf 84' lang='lat' dir='ltr'>congerie</span> <span class='ocrx_word' id='word_1_18' title='bbox 1241 375 1587 431; x_wconf 83' lang='lat' dir='ltr'>convaluerat,</span> 
     </span>
     <span class='ocr_line' id='line_1_4' title="bbox 287 442 1586 508; baseline 0.007 -19"><span class='ocrx_word' id='word_1_19' title='bbox 287 442 542 501; x_wconf 82' lang='lat' dir='ltr'>diductis,</span> <span class='ocrx_word' id='word_1_20' title='bbox 597 446 789 508; x_wconf 86' lang='lat' dir='ltr'>quibus</span> <span class='ocrx_word' id='word_1_21' title='bbox 820 446 1074 504; x_wconf 78' lang='lat' dir='ltr'>alebatur,</span> <span class='ocrx_word' id='word_1_22' title='bbox 1121 447 1384 496; x_wconf 83' lang='lat' dir='ltr'>concidet:</span> <span class='ocrx_word' id='word_1_23' title='bbox 1425 460 1509 507; x_wconf 86' lang='lat' dir='ltr'>ut,</span> <span class='ocrx_word' id='word_1_24' title='bbox 1547 449 1586 498; x_wconf 83' lang='lat' dir='ltr'><strong>fi</strong></span> 
     </span>
     <span class='ocr_line' id='line_1_5' title="bbox 286 518 1586 582; baseline 0.005 -17"><span class='ocrx_word' id='word_1_25' title='bbox 286 519 372 565; x_wconf 89' lang='lat' dir='ltr'>vel</span> <span class='ocrx_word' id='word_1_26' title='bbox 419 521 639 577; x_wconf 61' lang='lat' dir='ltr'>maxima</span> <span class='ocrx_word' id='word_1_27' title='bbox 686 518 904 568; x_wconf 86' lang='lat' dir='ltr'>flumina</span> <span class='ocrx_word' id='word_1_28' title='bbox 949 522 1008 568; x_wconf 88' lang='lat' dir='ltr'>in</span> <span class='ocrx_word' id='word_1_29' title='bbox 1055 522 1197 571; x_wconf 85' lang='lat' dir='ltr'>rivos</span> <span class='ocrx_word' id='word_1_30' title='bbox 1257 523 1586 582; x_wconf 81' lang='lat' dir='ltr'>diducantur,</span> 
     </span>
     <span class='ocr_line' id='line_1_6' title="bbox 285 594 1587 665; baseline 0.007 -26"><span class='ocrx_word' id='word_1_31' title='bbox 285 595 514 665; x_wconf 81' lang='lat' dir='ltr'>qualibet</span> <span class='ocrx_word' id='word_1_32' title='bbox 545 594 809 643; x_wconf 84' lang='lat' dir='ltr'>tranfitum</span> <span class='ocrx_word' id='word_1_33' title='bbox 839 597 1099 659; x_wconf 82' lang='lat' dir='ltr'>praebent.</span> <span class='ocrx_word' id='word_1_34' title='bbox 1187 598 1364 662; x_wconf 86' lang='lat' dir='ltr'>Itaque</span> <span class='ocrx_word' id='word_1_35' title='bbox 1393 616 1587 664; x_wconf 88' lang='lat' dir='ltr'>propo-</span> 
     </span>
     <span class='ocr_line' id='line_1_7' title="bbox 285 667 1586 733; baseline 0.004 -17"><span class='ocrx_word' id='word_1_36' title='bbox 285 667 400 716; x_wconf 83' lang='lat' dir='ltr'>fitio</span> <span class='ocrx_word' id='word_1_37' title='bbox 482 686 695 733; x_wconf 89' lang='lat' dir='ltr'>quoque</span> <span class='ocrx_word' id='word_1_38' title='bbox 764 669 1049 720; x_wconf 81' lang='lat' dir='ltr'>secundum</span> <span class='ocrx_word' id='word_1_39' title='bbox 1112 671 1245 720; x_wconf 87' lang='lat' dir='ltr'>hanc</span> <span class='ocrx_word' id='word_1_40' title='bbox 1310 675 1586 722; x_wconf 85' lang='lat' dir='ltr'>utilitatem</span> 
     </span>
     <span class='ocr_line' id='line_1_8' title="bbox 284 744 1586 811; baseline 0.006 -22"><span class='ocrx_word' id='word_1_41' title='bbox 284 744 782 801; x_wconf 77' lang='lat' dir='ltr'>accommodabitur,</span> <span class='ocrx_word' id='word_1_42' title='bbox 846 757 906 794; x_wconf 89' lang='lat' dir='ltr'>ut</span> <span class='ocrx_word' id='word_1_43' title='bbox 948 763 1089 794; x_wconf 88' lang='lat' dir='ltr'>nunc</span> <span class='ocrx_word' id='word_1_44' title='bbox 1123 746 1320 811; x_wconf 77' lang='lat' dir='ltr'>lingula</span> <span class='ocrx_word' id='word_1_45' title='bbox 1354 747 1586 797; x_wconf 87' lang='lat' dir='ltr'>ostenda-</span> 
     </span>
     <span class='ocr_line' id='line_1_9' title="bbox 225 821 1601 885; baseline 0.005 -19"><span class='ocrx_word' id='word_1_46' title='bbox 225 824 427 875; x_wconf 74' lang='lat' dir='ltr'>14mus‚</span> <span class='ocrx_word' id='word_1_47' title='bbox 495 837 638 868; x_wconf 88' lang='lat' dir='ltr'>nunc</span> <span class='ocrx_word' id='word_1_48' title='bbox 670 822 1072 885; x_wconf 86' lang='lat' dir='ltr'>complectamur</span> <span class='ocrx_word' id='word_1_49' title='bbox 1103 821 1355 871; x_wconf 84' lang='lat' dir='ltr'>universa.</span> <span class='ocrx_word' id='word_1_50' title='bbox 1444 825 1601 873; x_wconf 20' lang='lat' dir='ltr'>Nam!</span> 
     </span>
     <span class='ocr_line' id='line_1_10' title="bbox 280 894 1584 962; baseline 0.006 -23"><span class='ocrx_word' id='word_1_51' title='bbox 280 894 491 941; x_wconf 84' lang='lat' dir='ltr'>interim</span> <span class='ocrx_word' id='word_1_52' title='bbox 545 895 690 959; x_wconf 84' lang='lat' dir='ltr'>quod</span> <span class='ocrx_word' id='word_1_53' title='bbox 725 897 966 960; x_wconf 81' lang='lat' dir='ltr'>pluribus</span> <span class='ocrx_word' id='word_1_54' title='bbox 1003 898 1212 962; x_wconf 85' lang='lat' dir='ltr'>collegit</span> <span class='ocrx_word' id='word_1_55' title='bbox 1249 895 1584 955; x_wconf 85' lang='lat' dir='ltr'>adversarius,</span> 
     </span>
     <span class='ocr_line' id='line_1_11' title="bbox 279 967 1583 1036; baseline 0.005 -21"><span class='ocrx_word' id='word_1_56' title='bbox 279 967 396 1017; x_wconf 81' lang='lat' dir='ltr'>satis</span> <span class='ocrx_word' id='word_1_57' title='bbox 423 968 495 1016; x_wconf 83' lang='lat' dir='ltr'>est</span> <span class='ocrx_word' id='word_1_58' title='bbox 518 969 674 1018; x_wconf 83' lang='lat' dir='ltr'>semel</span> <span class='ocrx_word' id='word_1_59' title='bbox 692 988 1012 1036; x_wconf 83' lang='lat' dir='ltr'>proponere:</span> <span class='ocrx_word' id='word_1_60' title='bbox 1054 983 1134 1029; x_wconf 90' lang='lat' dir='ltr'>ut,</span> <span class='ocrx_word' id='word_1_61' title='bbox 1180 972 1217 1020; x_wconf 84' lang='lat' dir='ltr'><strong>fi</strong></span> <span class='ocrx_word' id='word_1_62' title='bbox 1250 974 1435 1021; x_wconf 85' lang='lat' dir='ltr'>multas</span> <span class='ocrx_word' id='word_1_63' title='bbox 1464 990 1583 1022; x_wconf 89' lang='lat' dir='ltr'>cau-</span> 
     </span>
     <span class='ocr_line' id='line_1_12' title="bbox 279 1039 1631 1112; baseline 0.003 -21"><span class='ocrx_word' id='word_1_64' title='bbox 279 1042 353 1091; x_wconf 81' lang='lat' dir='ltr'>sas</span> <span class='ocrx_word' id='word_1_65' title='bbox 387 1043 636 1103; x_wconf 82' lang='lat' dir='ltr'>faciendi,</span> <span class='ocrx_word' id='word_1_66' title='bbox 685 1047 830 1110; x_wconf 84' lang='lat' dir='ltr'>quod.</span> <span class='ocrx_word' id='word_1_67' title='bbox 860 1049 1049 1112; x_wconf 85' lang='lat' dir='ltr'>arguit,</span> <span class='ocrx_word' id='word_1_68' title='bbox 1098 1064 1188 1096; x_wconf 91' lang='lat' dir='ltr'>reo</span> <span class='ocrx_word' id='word_1_69' title='bbox 1218 1047 1354 1095; x_wconf 87' lang='lat' dir='ltr'>dicet</span> <span class='ocrx_word' id='word_1_70' title='bbox 1386 1039 1590 1096; x_wconf 33' lang='lat' dir='ltr'>accusa-²</span> <span class='ocrx_word' id='word_1_71' title='bbox 1626 1057 1631 1060; x_wconf 78' lang='grc'><strong>“</strong></span> 
     </span>
     <span class='ocr_line' id='line_1_13' title="bbox 278 1118 1584 1187; baseline 0.003 -21"><span class='ocrx_word' id='word_1_72' title='bbox 278 1128 364 1166; x_wconf 88' lang='lat' dir='ltr'>tor</span> <span class='ocrx_word' id='word_1_73' title='bbox 394 1118 570 1168; x_wconf 80' lang='lat' dir='ltr'>fuiffe:</span> <span class='ocrx_word' id='word_1_74' title='bbox 606 1138 727 1178; x_wconf 82' lang='lat' dir='ltr'>nos,</span> <span class='ocrx_word' id='word_1_75' title='bbox 763 1139 873 1171; x_wconf 87' lang='lat' dir='ltr'>non</span> <span class='ocrx_word' id='word_1_76' title='bbox 902 1123 1213 1172; x_wconf 86' lang='lat' dir='ltr'>enumeratis</span> <span class='ocrx_word' id='word_1_77' title='bbox 1238 1120 1472 1187; x_wconf 80' lang='lat' dir='ltr'>finguliS‚</span> <span class='ocrx_word' id='word_1_78' title='bbox 1509 1121 1584 1170; x_wconf 84' lang='lat' dir='ltr'>se-</span> 
     </span>
     <span class='ocr_line' id='line_1_14' title="bbox 277 1195 1582 1262; baseline 0.004 -21"><span class='ocrx_word' id='word_1_79' title='bbox 277 1195 384 1241; x_wconf 87' lang='lat' dir='ltr'>mel</span> <span class='ocrx_word' id='word_1_80' title='bbox 431 1195 535 1243; x_wconf 88' lang='lat' dir='ltr'>hoc</span> <span class='ocrx_word' id='word_1_81' title='bbox 583 1197 898 1245; x_wconf 82' lang='lat' dir='ltr'>intuendum</span> <span class='ocrx_word' id='word_1_82' title='bbox 945 1213 1217 1262; x_wconf 85' lang='lat' dir='ltr'>negemus,</span> <span class='ocrx_word' id='word_1_83' title='bbox 1286 1199 1409 1261; x_wconf 82' lang='lat' dir='ltr'>quia</span> <span class='ocrx_word' id='word_1_84' title='bbox 1455 1215 1582 1255; x_wconf 89' lang='lat' dir='ltr'>non,</span> 
     </span>
     <span class='ocr_line' id='line_1_15' title="bbox 279 1270 1583 1338; baseline 0.004 -22"><span class='ocrx_word' id='word_1_85' title='bbox 279 1270 517 1333; x_wconf 85' lang='lat' dir='ltr'>quisquis</span> <span class='ocrx_word' id='word_1_86' title='bbox 540 1270 747 1338; x_wconf 76' lang='lat' dir='ltr'>¹causam</span> <span class='ocrx_word' id='word_1_87' title='bbox 775 1271 1002 1320; x_wconf 83' lang='lat' dir='ltr'>faciendi</span> <span class='ocrx_word' id='word_1_88' title='bbox 1034 1270 1234 1320; x_wconf 83' lang='lat' dir='ltr'>sceleris</span> <span class='ocrx_word' id='word_1_89' title='bbox 1270 1273 1479 1329; x_wconf 86' lang='lat' dir='ltr'>habuit,</span> <span class='ocrx_word' id='word_1_90' title='bbox 1530 1283 1583 1321; x_wconf 85' lang='lat' dir='ltr'>et</span> 
     </span>
     <span class='ocr_line' id='line_1_16' title="bbox 220 1343 1580 1412; baseline 0.003 -21"><span class='ocrx_word' id='word_1_91' title='bbox 220 1343 474 1392; x_wconf 58' lang='lat' dir='ltr'>³5fecerit.</span> <span class='ocrx_word' id='word_1_92' title='bbox 552 1347 761 1411; x_wconf 88' lang='lat' dir='ltr'>Saepius</span> <span class='ocrx_word' id='word_1_93' title='bbox 788 1357 960 1396; x_wconf 84' lang='lat' dir='ltr'>tamen</span> <span class='ocrx_word' id='word_1_94' title='bbox 991 1345 1268 1396; x_wconf 75' lang='lat' dir='ltr'>accusatori</span> <span class='ocrx_word' id='word_1_95' title='bbox 1303 1363 1580 1412; x_wconf 85' lang='lat' dir='ltr'>congerere</span> 
     </span>
    </p>
   </div>
   <div class='ocr_carea' id='block_1_3' title="bbox 273 1506 1580 1778">
    <p class='ocr_par' dir='ltr' id='par_1_3' title="bbox 273 1506 1580 1778">
     <span class='ocr_line' id='line_1_17' title="bbox 358 1506 1580 1558; baseline 0.002 -16"><span class='ocrx_word' id='word_1_96' title='bbox 358 1511 409 1542; x_wconf 78' lang='lat' dir='ltr'>Ac</span> <span class='ocrx_word' id='word_1_97' title='bbox 422 1507 458 1556; x_wconf 85' lang='lat' dir='ltr'><em>fi</em></span> <span class='ocrx_word' id='word_1_98' title='bbox 473 1506 568 1556; x_wconf 74' lang='lat' dir='ltr'>sing.</span> <span class='ocrx_word' id='word_1_99' title='bbox 627 1510 749 1544; x_wconf 84' lang='lat' dir='ltr'>Turic.</span> <span class='ocrx_word' id='word_1_100' title='bbox 777 1521 817 1545; x_wconf 77' lang='lat' dir='ltr'>ut</span> <span class='ocrx_word' id='word_1_101' title='bbox 836 1510 885 1545; x_wconf 78' lang='lat' dir='ltr'>ad</span> <span class='ocrx_word' id='word_1_102' title='bbox 898 1509 933 1558; x_wconf 92' lang='lat' dir='ltr'>s.</span> <span class='ocrx_word' id='word_1_103' title='bbox 991 1509 1088 1546; x_wconf 83' lang='lat' dir='ltr'>Alm.</span> <span class='ocrx_word' id='word_1_104' title='bbox 1118 1520 1157 1545; x_wconf 81' lang='lat' dir='ltr'>ue</span> <span class='ocrx_word' id='word_1_105' title='bbox 1182 1519 1222 1544; x_wconf 77' lang='lat' dir='ltr'>ae</span> <span class='ocrx_word' id='word_1_106' title='bbox 1242 1507 1281 1557; x_wconf 73' lang='lat' dir='ltr'>si</span> <span class='ocrx_word' id='word_1_107' title='bbox 1303 1507 1339 1558; x_wconf 90' lang='lat' dir='ltr'>s.</span> <span class='ocrx_word' id='word_1_108' title='bbox 1368 1507 1433 1554; x_wconf 73' lang='lat' dir='ltr'>(cf.</span> <span class='ocrx_word' id='word_1_109' title='bbox 1454 1509 1580 1549; x_wconf 85' lang='lat' dir='ltr'>modo.</span> 
     </span>
     <span class='ocr_line' id='line_1_18' title="bbox 275 1562 1578 1613; baseline 0.001 -15"><span class='ocrx_word' id='word_1_110' title='bbox 275 1563 509 1609; x_wconf 67' lang='lat' dir='ltr'>item§1!4.)</span> <span class='ocrx_word' id='word_1_111' title='bbox 539 1564 650 1599; x_wconf 86' lang='lat' dir='ltr'>Goth.</span> <span class='ocrx_word' id='word_1_112' title='bbox 680 1575 716 1598; x_wconf 77' lang='lat' dir='ltr'>et</span> <span class='ocrx_word' id='word_1_113' title='bbox 746 1564 850 1613; x_wconf 87' lang='lat' dir='ltr'>(non</span> <span class='ocrx_word' id='word_1_114' title='bbox 879 1575 939 1603; x_wconf 79' lang='lat' dir='ltr'>ut,</span> <span class='ocrx_word' id='word_1_115' title='bbox 972 1574 1016 1599; x_wconf 90' lang='lat' dir='ltr'>ut</span> <span class='ocrx_word' id='word_1_116' title='bbox 1038 1566 1162 1607; x_wconf 62' lang='grc' dir='ltr'>δοίη.)</span> <span class='ocrx_word' id='word_1_117' title='bbox 1184 1562 1222 1612; x_wconf 87' lang='grc' dir='ltr'>]ῖ</span> <span class='ocrx_word' id='word_1_118' title='bbox 1241 1563 1276 1612; x_wconf 91' lang='lat' dir='ltr'>s.</span> <span class='ocrx_word' id='word_1_119' title='bbox 1308 1577 1392 1599; x_wconf 84' lang='lat' dir='ltr'>cum</span> <span class='ocrx_word' id='word_1_120' title='bbox 1418 1564 1517 1602; x_wconf 78' lang='lat' dir='ltr'>Vols.</span> <span class='ocrx_word' id='word_1_121' title='bbox 1540 1573 1578 1603; x_wconf 83' lang='lat'>2.</span> 
     </span>
     <span class='ocr_line' id='line_1_19' title="bbox 274 1617 1580 1671; baseline 0 -17"><span class='ocrx_word' id='word_1_122' title='bbox 274 1620 326 1654; x_wconf 81' lang='lat' dir='ltr'>At</span> <span class='ocrx_word' id='word_1_123' title='bbox 347 1617 381 1667; x_wconf 87' lang='lat' dir='ltr'>s.</span> <span class='ocrx_word' id='word_1_124' title='bbox 409 1618 531 1654; x_wconf 72' lang='lat' dir='ltr'>Guelt&#39;.</span> <span class='ocrx_word' id='word_1_125' title='bbox 565 1632 646 1654; x_wconf 85' lang='lat' dir='ltr'>cum</span> <span class='ocrx_word' id='word_1_126' title='bbox 675 1620 772 1655; x_wconf 81' lang='lat' dir='ltr'>Voss&#39;.</span> <span class='ocrx_word' id='word_1_127' title='bbox 799 1634 831 1655; x_wconf 86' lang='grc' dir='ltr'>ι.</span> <span class='ocrx_word' id='word_1_128' title='bbox 855 1629 890 1663; x_wconf 83' lang='lat'>3.</span> <span class='ocrx_word' id='word_1_129' title='bbox 947 1622 1051 1655; x_wconf 74' lang='lat' dir='ltr'>Hane</span> <span class='ocrx_word' id='word_1_130' title='bbox 1084 1632 1151 1671; x_wconf 79' lang='lat' dir='ltr'>ego</span> <span class='ocrx_word' id='word_1_131' title='bbox 1181 1631 1305 1654; x_wconf 82' lang='lat' dir='ltr'>veram</span> <span class='ocrx_word' id='word_1_132' title='bbox 1322 1629 1414 1667; x_wconf 85' lang='lat' dir='ltr'>puto</span> <span class='ocrx_word' id='word_1_133' title='bbox 1431 1619 1580 1667; x_wconf 80' lang='lat' dir='ltr'>scriptu-</span> 
     </span>
     <span class='ocr_line' id='line_1_20' title="bbox 274 1673 1578 1724; baseline 0 -15"><span class='ocrx_word' id='word_1_134' title='bbox 274 1686 374 1713; x_wconf 76' lang='lat' dir='ltr'>ram,</span> <span class='ocrx_word' id='word_1_135' title='bbox 424 1685 464 1708; x_wconf 83' lang='lat' dir='ltr'>ut</span> <span class='ocrx_word' id='word_1_136' title='bbox 501 1674 548 1708; x_wconf 86' lang='lat' dir='ltr'>est</span> <span class='ocrx_word' id='word_1_137' title='bbox 590 1675 684 1722; x_wconf 78' lang='lat' dir='ltr'>apud</span> <span class='ocrx_word' id='word_1_138' title='bbox 711 1675 923 1712; x_wconf 69' lang='lat' dir='ltr'>juvenalem</span> <span class='ocrx_word' id='word_1_139' title='bbox 957 1683 992 1717; x_wconf 84' lang='lat'>3,</span> <span class='ocrx_word' id='word_1_140' title='bbox 1025 1681 1086 1720; x_wconf 77' lang='grc'>78.</span> <span class='ocrx_word' id='word_1_141' title='bbox 1117 1675 1188 1714; x_wconf 82' lang='lat' dir='ltr'>„in</span> <span class='ocrx_word' id='word_1_142' title='bbox 1220 1673 1384 1714; x_wconf 77' lang='lat' dir='ltr'>eoelum,</span> <span class='ocrx_word' id='word_1_143' title='bbox 1427 1674 1578 1724; x_wconf 76' lang='lat' dir='ltr'>jufferis,</span> 
     </span>
     <span class='ocr_line' id='line_1_21' title="bbox 273 1728 1203 1778; baseline 0 -14"><span class='ocrx_word' id='word_1_144' title='bbox 273 1729 411 1769; x_wconf 61' lang='lat' dir='ltr'>„ibitu</span> <span class='ocrx_word' id='word_1_145' title='bbox 430 1731 584 1778; x_wconf 54' lang='lat' dir='ltr'>et‘snepe</span> <span class='ocrx_word' id='word_1_146' title='bbox 602 1730 642 1763; x_wconf 85' lang='lat' dir='ltr'>in</span> <span class='ocrx_word' id='word_1_147' title='bbox 663 1729 833 1765; x_wconf 74' lang='lat' dir='ltr'>calidiore</span> <span class='ocrx_word' id='word_1_148' title='bbox 857 1728 1030 1765; x_wconf 78' lang='lat' dir='ltr'>oratione.</span> <span class='ocrx_word' id='word_1_149' title='bbox 1061 1730 1146 1778; x_wconf 42' lang='grc' dir='ltr'>οἱὸ</span> <span class='ocrx_word' id='word_1_150' title='bbox 1166 1739 1203 1773; x_wconf 79' lang='lat'>5.</span> 
     </span>
    </p>
   </div>
   <div class='ocr_carea' id='block_1_4' title="bbox 249 1804 1575 2177">
    <p class='ocr_par' dir='ltr' id='par_1_4' title="bbox 358 1804 1574 1841">
     <span class='ocr_line' id='line_1_22' title="bbox 358 1804 1574 1841; baseline -0.001 0"><span class='ocrx_word' id='word_1_151' title='bbox 358 1819 450 1841; x_wconf 85' lang='lat' dir='ltr'>conc.</span> <span class='ocrx_word' id='word_1_152' title='bbox 478 1816 528 1839; x_wconf 82' lang='lat' dir='ltr'>ut.</span> <span class='ocrx_word' id='word_1_153' title='bbox 586 1804 709 1841; x_wconf 85' lang='lat' dir='ltr'>Turic.</span> <span class='ocrx_word' id='word_1_154' title='bbox 738 1821 765 1841; x_wconf 83' lang='lat' dir='ltr'>c.</span> <span class='ocrx_word' id='word_1_155' title='bbox 796 1808 991 1840; x_wconf 75' lang='lat' dir='ltr'>continetur</span> <span class='ocrx_word' id='word_1_156' title='bbox 1018 1819 1052 1839; x_wconf 84' lang='grc' dir='ltr'>ιι.</span> <span class='ocrx_word' id='word_1_157' title='bbox 1083 1818 1102 1839; x_wconf 83' lang='lat' dir='ltr'>a</span> <span class='ocrx_word' id='word_1_158' title='bbox 1133 1805 1194 1839; x_wconf 83' lang='lat' dir='ltr'>[ec.</span> <span class='ocrx_word' id='word_1_159' title='bbox 1222 1819 1251 1840; x_wconf 86' lang='lat' dir='ltr'>c.</span> <span class='ocrx_word' id='word_1_160' title='bbox 1270 1815 1305 1840; x_wconf 78' lang='lat' dir='ltr'>et</span> <span class='ocrx_word' id='word_1_161' title='bbox 1325 1807 1519 1840; x_wconf 76' lang='lat' dir='ltr'>continetur</span> <span class='ocrx_word' id='word_1_162' title='bbox 1538 1819 1574 1840; x_wconf 82' lang='grc' dir='ltr'>ιι.</span> 
     </span>
    </p>

    <p class='ocr_par' dir='ltr' id='par_1_5' title="bbox 249 1860 1575 1907">
     <span class='ocr_line' id='line_1_23' title="bbox 249 1860 1575 1907; baseline -0.002 -11"><span class='ocrx_word' id='word_1_163' title='bbox 249 1861 253 1867; x_wconf 86' lang='grc'><em>“</em></span> <span class='ocrx_word' id='word_1_164' title='bbox 273 1874 358 1896; x_wconf 85' lang='lat' dir='ltr'>cum</span> <span class='ocrx_word' id='word_1_165' title='bbox 379 1860 476 1895; x_wconf 80' lang='lat' dir='ltr'>Alm.</span> <span class='ocrx_word' id='word_1_166' title='bbox 500 1860 605 1895; x_wconf 81' lang='lat' dir='ltr'>Bodl.</span> <span class='ocrx_word' id='word_1_167' title='bbox 627 1875 655 1895; x_wconf 87' lang='lat' dir='ltr'>c.</span> <span class='ocrx_word' id='word_1_168' title='bbox 676 1871 710 1896; x_wconf 78' lang='lat' dir='ltr'>et</span> <span class='ocrx_word' id='word_1_169' title='bbox 728 1870 920 1896; x_wconf 79' lang='lat' dir='ltr'>conteretur</span> <span class='ocrx_word' id='word_1_170' title='bbox 940 1869 975 1894; x_wconf 82' lang='lat' dir='ltr'>et</span> <span class='ocrx_word' id='word_1_171' title='bbox 995 1862 1119 1907; x_wconf 80' lang='lat' dir='ltr'>Camp.</span> <span class='ocrx_word' id='word_1_172' title='bbox 1140 1872 1224 1894; x_wconf 86' lang='lat' dir='ltr'>cum</span> <span class='ocrx_word' id='word_1_173' title='bbox 1246 1860 1360 1894; x_wconf 83' lang='lat' dir='ltr'>Andr.</span> <span class='ocrx_word' id='word_1_174' title='bbox 1405 1862 1476 1895; x_wconf 84' lang='lat' dir='ltr'>Pro</span> <span class='ocrx_word' id='word_1_175' title='bbox 1496 1873 1575 1895; x_wconf 82' lang='lat' dir='ltr'>con-</span> 
     </span>
    </p>

    <p class='ocr_par' dir='ltr' id='par_1_6' title="bbox 273 1914 1572 1964">
     <span class='ocr_line' id='line_1_24' title="bbox 273 1914 1572 1964; baseline -0.002 -12"><span class='ocrx_word' id='word_1_176' title='bbox 273 1917 382 1954; x_wconf 77' lang='lat' dir='ltr'>cidet,</span> <span class='ocrx_word' id='word_1_177' title='bbox 429 1916 582 1963; x_wconf 80' lang='lat' dir='ltr'>opinor.</span> <span class='ocrx_word' id='word_1_178' title='bbox 625 1918 753 1953; x_wconf 84' lang='lat' dir='ltr'>Burm.</span> <span class='ocrx_word' id='word_1_179' title='bbox 795 1914 899 1949; x_wconf 80' lang='lat' dir='ltr'>malit</span> <span class='ocrx_word' id='word_1_180' title='bbox 933 1914 1098 1962; x_wconf 81' lang='lat' dir='ltr'>considet.</span> <span class='ocrx_word' id='word_1_181' title='bbox 1163 1914 1354 1964; x_wconf 72' lang='lat' dir='ltr'>Eleganter</span> <span class='ocrx_word' id='word_1_182' title='bbox 1392 1914 1572 1962; x_wconf 85' lang='lat' dir='ltr'>profecto.</span> 
     </span>
    </p>

    <p class='ocr_par' dir='ltr' id='par_1_7' title="bbox 272 1969 1572 2015">
     <span class='ocr_line' id='line_1_25' title="bbox 272 1969 1572 2015; baseline -0.002 -8"><span class='ocrx_word' id='word_1_183' title='bbox 272 1973 318 2007; x_wconf 78' lang='lat' dir='ltr'>cf.</span> <span class='ocrx_word' id='word_1_184' title='bbox 339 1971 374 2010; x_wconf 86' lang='lat'>6,</span> <span class='ocrx_word' id='word_1_185' title='bbox 396 1981 431 2010; x_wconf 83' lang='lat'>2,</span> <span class='ocrx_word' id='word_1_186' title='bbox 452 1981 514 2015; x_wconf 64' lang='grc' dir='ltr'>δι.</span> <span class='ocrx_word' id='word_1_187' title='bbox 734 1971 951 2005; x_wconf 73' lang='lat' dir='ltr'>diducuntur.</span> <span class='ocrx_word' id='word_1_188' title='bbox 1009 1970 1132 2006; x_wconf 81' lang='lat' dir='ltr'>Turio.</span> <span class='ocrx_word' id='word_1_189' title='bbox 1153 1969 1274 2004; x_wconf 82' lang='lat' dir='ltr'>Guelf.</span> <span class='ocrx_word' id='word_1_190' title='bbox 1290 1969 1474 2004; x_wconf 66' lang='lat' dir='ltr'>omittunt,</span> <span class='ocrx_word' id='word_1_191' title='bbox 1489 1981 1572 2005; x_wconf 81' lang='lat' dir='ltr'>cum</span> 
     </span>
    </p>

    <p class='ocr_par' dir='ltr' id='par_1_8' title="bbox 270 2024 1571 2072">
     <span class='ocr_line' id='line_1_26' title="bbox 270 2024 1571 2072; baseline -0.002 -11"><span class='ocrx_word' id='word_1_192' title='bbox 270 2026 370 2064; x_wconf 74' lang='lat' dir='ltr'>Alm.</span> <span class='ocrx_word' id='word_1_193' title='bbox 391 2027 488 2062; x_wconf 68' lang='lat' dir='ltr'>Vols.</span> <span class='ocrx_word' id='word_1_194' title='bbox 503 2035 538 2070; x_wconf 82' lang='lat'>5.</span> <span class='ocrx_word' id='word_1_195' title='bbox 552 2051 562 2065; x_wconf 83' lang='lat'>‚</span> <span class='ocrx_word' id='word_1_196' title='bbox 584 2028 654 2061; x_wconf 81' lang='lat' dir='ltr'>fine</span> <span class='ocrx_word' id='word_1_197' title='bbox 678 2026 788 2060; x_wconf 87' lang='lat' dir='ltr'>sensu.</span> <span class='ocrx_word' id='word_1_198' title='bbox 1006 2035 1044 2059; x_wconf 83' lang='lat' dir='ltr'>ut</span> <span class='ocrx_word' id='word_1_199' title='bbox 1065 2037 1163 2059; x_wconf 84' lang='lat' dir='ltr'>nunc.</span> <span class='ocrx_word' id='word_1_200' title='bbox 1220 2024 1279 2059; x_wconf 86' lang='lat' dir='ltr'>Sic</span> <span class='ocrx_word' id='word_1_201' title='bbox 1299 2025 1422 2060; x_wconf 81' lang='lat' dir='ltr'>Turic.</span> <span class='ocrx_word' id='word_1_202' title='bbox 1445 2026 1571 2072; x_wconf 69' lang='lat' dir='ltr'>Campo</span> 
     </span>
    </p>

    <p class='ocr_par' dir='ltr' id='par_1_9' title="bbox 269 2078 1572 2177">
     <span class='ocr_line' id='line_1_27' title="bbox 271 2078 1572 2127; baseline -0.002 -10"><span class='ocrx_word' id='word_1_203' title='bbox 271 2095 357 2117; x_wconf 87' lang='lat' dir='ltr'>cum</span> <span class='ocrx_word' id='word_1_204' title='bbox 383 2081 481 2117; x_wconf 74' lang='lat' dir='ltr'>Alm.</span> <span class='ocrx_word' id='word_1_205' title='bbox 514 2095 555 2115; x_wconf 84' lang='lat' dir='ltr'>ea</span> <span class='ocrx_word' id='word_1_206' title='bbox 584 2095 660 2115; x_wconf 84' lang='lat' dir='ltr'>cum</span> <span class='ocrx_word' id='word_1_207' title='bbox 684 2080 780 2117; x_wconf 79' lang='lat' dir='ltr'>Voff.</span> <span class='ocrx_word' id='word_1_208' title='bbox 815 2093 846 2114; x_wconf 84' lang='lat'>1.</span> <span class='ocrx_word' id='word_1_209' title='bbox 914 2078 1066 2127; x_wconf 85' lang='lat' dir='ltr'>Reliqui</span> <span class='ocrx_word' id='word_1_210' title='bbox 1094 2094 1129 2114; x_wconf 87' lang='lat' dir='ltr'>u.</span> <span class='ocrx_word' id='word_1_211' title='bbox 1156 2093 1197 2114; x_wconf 86' lang='lat' dir='ltr'>ea</span> <span class='ocrx_word' id='word_1_212' title='bbox 1227 2094 1262 2114; x_wconf 87' lang='lat' dir='ltr'>n.</span> <span class='ocrx_word' id='word_1_213' title='bbox 1330 2082 1475 2114; x_wconf 75' lang='lat' dir='ltr'>Potetat</span> <span class='ocrx_word' id='word_1_214' title='bbox 1504 2079 1572 2115; x_wconf 78' lang='lat' dir='ltr'>effe</span> 
     </span>
     <span class='ocr_line' id='line_1_28' title="bbox 269 2134 990 2177; baseline -0.007 -4"><span class='ocrx_word' id='word_1_215' title='bbox 269 2138 391 2174; x_wconf 76' lang='lat' dir='ltr'>sextus</span> <span class='ocrx_word' id='word_1_216' title='bbox 411 2137 527 2177; x_wconf 72' lang='lat' dir='ltr'>casu33</span> <span class='ocrx_word' id='word_1_217' title='bbox 556 2135 612 2171; x_wconf 81' lang='lat' dir='ltr'>sed</span> <span class='ocrx_word' id='word_1_218' title='bbox 631 2135 726 2170; x_wconf 76' lang='lat' dir='ltr'>nihil</span> <span class='ocrx_word' id='word_1_219' title='bbox 744 2135 878 2170; x_wconf 85' lang='lat' dir='ltr'>necess&#39;e</span> <span class='ocrx_word' id='word_1_220' title='bbox 896 2134 990 2170; x_wconf 78' lang='lat' dir='ltr'>addi.</span> 
     </span>
    </p>
   </div>
   <div class='ocr_carea' id='block_1_5' title="bbox 267 2208 1643 2318">
    <p class='ocr_par' dir='ltr' id='par_1_10' title="bbox 267 2208 1643 2318">
     <span class='ocr_line' id='line_1_29' title="bbox 329 2208 1643 2260; baseline -0.002 -13"><span class='ocrx_word' id='word_1_221' title='bbox 329 2217 390 2259; x_wconf 72' lang='lat'>14.</span> <span class='ocrx_word' id='word_1_222' title='bbox 422 2209 513 2260; x_wconf 74' lang='lat' dir='ltr'>satis</span> <span class='ocrx_word' id='word_1_223' title='bbox 541 2209 602 2260; x_wconf 60' lang='lat' dir='ltr'>pfl.</span> <span class='ocrx_word' id='word_1_224' title='bbox 655 2211 779 2246; x_wconf 77' lang='lat' dir='ltr'>Turio.</span> <span class='ocrx_word' id='word_1_225' title='bbox 811 2208 932 2244; x_wconf 84' lang='lat' dir='ltr'>Guelf.</span> <span class='ocrx_word' id='word_1_226' title='bbox 963 2210 1087 2258; x_wconf 85' lang='lat' dir='ltr'>Camp.</span> <span class='ocrx_word' id='word_1_227' title='bbox 1109 2209 1183 2258; x_wconf 80' lang='lat' dir='ltr'>sat.</span> <span class='ocrx_word' id='word_1_228' title='bbox 1215 2225 1245 2246; x_wconf 78' lang='lat' dir='ltr'>e.</span> <span class='ocrx_word' id='word_1_229' title='bbox 1301 2209 1399 2245; x_wconf 74' lang='lat' dir='ltr'>Alm.</span> <span class='ocrx_word' id='word_1_230' title='bbox 1422 2208 1514 2258; x_wconf 82' lang='lat' dir='ltr'>satis</span> <span class='ocrx_word' id='word_1_231' title='bbox 1539 2223 1570 2244; x_wconf 80' lang='lat' dir='ltr'>e.</span> <span class='ocrx_word' id='word_1_232' title='bbox 1639 2233 1643 2236; x_wconf 63' lang='grc'><strong><em>«</em></strong></span> 
     </span>
     <span class='ocr_line' id='line_1_30' title="bbox 267 2264 1640 2318; baseline -0.004 -15"><span class='ocrx_word' id='word_1_233' title='bbox 267 2267 354 2304; x_wconf 72' lang='lat' dir='ltr'>«lare</span> <span class='ocrx_word' id='word_1_234' title='bbox 374 2277 562 2304; x_wconf 79' lang='lat' dir='ltr'>narratur,</span> <span class='ocrx_word' id='word_1_235' title='bbox 590 2278 654 2314; x_wconf 85' lang='lat' dir='ltr'>per</span> <span class='ocrx_word' id='word_1_236' title='bbox 674 2264 830 2314; x_wconf 74' lang='lat' dir='ltr'>sphalma</span> <span class='ocrx_word' id='word_1_237' title='bbox 851 2267 976 2300; x_wconf 80' lang='lat' dir='ltr'>Burm.</span> <span class='ocrx_word' id='word_1_238' title='bbox 998 2266 1173 2312; x_wconf 78' lang='lat' dir='ltr'>profecto.</span> <span class='ocrx_word' id='word_1_239' title='bbox 1214 2266 1258 2300; x_wconf 84' lang='lat' dir='ltr'>cf.</span> <span class='ocrx_word' id='word_1_240' title='bbox 1280 2271 1316 2311; x_wconf 84' lang='grc'>4,</span> <span class='ocrx_word' id='word_1_241' title='bbox 1340 2275 1375 2303; x_wconf 85' lang='lat'>2,</span> <span class='ocrx_word' id='word_1_242' title='bbox 1396 2271 1460 2310; x_wconf 74' lang='grc'>45.</span> <span class='ocrx_word' id='word_1_243' title='bbox 1483 2276 1571 2299; x_wconf 81' lang='lat' dir='ltr'>mox</span> <span class='ocrx_word' id='word_1_244' title='bbox 1638 2316 1640 2318; x_wconf 16' lang='lat' dir='ltr'>v</span> 
     </span>
    </p>
   </div>
   <div class='ocr_carea' id='block_1_6' title="bbox 268 2318 1571 2474">
    <p class='ocr_par' dir='ltr' id='par_1_11' title="bbox 268 2318 1571 2474">
     <span class='ocr_line' id='line_1_31' title="bbox 269 2318 1570 2368; baseline -0.002 -11"><span class='ocrx_word' id='word_1_245' title='bbox 269 2333 389 2358; x_wconf 81' lang='lat' dir='ltr'>tamen</span> <span class='ocrx_word' id='word_1_246' title='bbox 414 2333 538 2355; x_wconf 81' lang='lat' dir='ltr'>omnes</span> <span class='ocrx_word' id='word_1_247' title='bbox 552 2319 654 2368; x_wconf 78' lang='lat' dir='ltr'>satis.</span> <span class='ocrx_word' id='word_1_248' title='bbox 871 2333 930 2355; x_wconf 88' lang='lat' dir='ltr'>reo</span> <span class='ocrx_word' id='word_1_249' title='bbox 951 2320 1017 2354; x_wconf 82' lang='lat' dir='ltr'>dic.</span> <span class='ocrx_word' id='word_1_250' title='bbox 1050 2321 1173 2356; x_wconf 77' lang='lat' dir='ltr'>Turio.</span> <span class='ocrx_word' id='word_1_251' title='bbox 1193 2334 1288 2356; x_wconf 82' lang='lat' dir='ltr'>reum</span> <span class='ocrx_word' id='word_1_252' title='bbox 1308 2320 1343 2354; x_wconf 82' lang='lat' dir='ltr'>d.</span> <span class='ocrx_word' id='word_1_253' title='bbox 1367 2331 1450 2354; x_wconf 88' lang='lat' dir='ltr'>cum</span> <span class='ocrx_word' id='word_1_254' title='bbox 1472 2318 1570 2354; x_wconf 87' lang='lat' dir='ltr'>Alm.</span> 
     </span>
     <span class='ocr_line' id='line_1_32' title="bbox 268 2374 1571 2421; baseline -0.002 -9"><span class='ocrx_word' id='word_1_255' title='bbox 268 2378 314 2412; x_wconf 69' lang='lat' dir='ltr'>cf.</span> <span class='ocrx_word' id='word_1_256' title='bbox 337 2378 357 2421; x_wconf 81' lang='lat'>§</span> <span class='ocrx_word' id='word_1_257' title='bbox 383 2386 441 2419; x_wconf 77' lang='lat'>13.</span> <span class='ocrx_word' id='word_1_258' title='bbox 462 2377 550 2410; x_wconf 83' lang='lat' dir='ltr'>item</span> <span class='ocrx_word' id='word_1_259' title='bbox 568 2387 667 2410; x_wconf 84' lang='lat' dir='ltr'>mox.</span> <span class='ocrx_word' id='word_1_260' title='bbox 832 2396 854 2416; x_wconf 68' lang='lat'>0</span> <span class='ocrx_word' id='word_1_261' title='bbox 969 2378 1186 2411; x_wconf 77' lang='lat' dir='ltr'>enumeratis.</span> <span class='ocrx_word' id='word_1_262' title='bbox 1242 2374 1366 2412; x_wconf 77' lang='lat' dir='ltr'>Turio.</span> <span class='ocrx_word' id='word_1_263' title='bbox 1385 2376 1571 2411; x_wconf 73' lang='lat' dir='ltr'>nummatis</span> 
     </span>
     <span class='ocr_line' id='line_1_33' title="bbox 268 2429 941 2474; baseline -0.006 -5"><span class='ocrx_word' id='word_1_264' title='bbox 268 2445 350 2469; x_wconf 79' lang='lat' dir='ltr'>cum</span> <span class='ocrx_word' id='word_1_265' title='bbox 372 2431 470 2468; x_wconf 82' lang='lat' dir='ltr'>Alm.</span> <span class='ocrx_word' id='word_1_266' title='bbox 529 2431 574 2466; x_wconf 82' lang='lat' dir='ltr'>cf.</span> <span class='ocrx_word' id='word_1_267' title='bbox 595 2430 706 2465; x_wconf 85' lang='lat' dir='ltr'>modo</span> <span class='ocrx_word' id='word_1_268' title='bbox 726 2430 815 2464; x_wconf 89' lang='lat' dir='ltr'>item</span> <span class='ocrx_word' id='word_1_269' title='bbox 837 2430 856 2474; x_wconf 83' lang='lat'>§</span> <span class='ocrx_word' id='word_1_270' title='bbox 882 2429 941 2465; x_wconf 80' lang='lat'>26.</span> 
     </span>
    </p>
   </div>
   <div class='ocr_carea' id='block_1_7' title="bbox 267 2574 1572 2688">
    <p class='ocr_par' dir='ltr' id='par_1_12' title="bbox 267 2574 1572 2688">
     <span class='ocr_line' id='line_1_34' title="bbox 327 2574 1572 2632; baseline -0.003 -14"><span class='ocrx_word' id='word_1_271' title='bbox 327 2591 388 2627; x_wconf 77' lang='lat'>13.</span> <span class='ocrx_word' id='word_1_272' title='bbox 418 2580 469 2618; x_wconf 76' lang='lat' dir='ltr'>Ae</span> <span class='ocrx_word' id='word_1_273' title='bbox 487 2581 525 2632; x_wconf 81' lang='lat' dir='ltr'>si</span> <span class='ocrx_word' id='word_1_274' title='bbox 549 2580 706 2631; x_wconf 77' lang='lat' dir='ltr'>singula.</span> <span class='ocrx_word' id='word_1_275' title='bbox 751 2581 795 2616; x_wconf 87' lang='lat' dir='ltr'>cf.</span> <span class='ocrx_word' id='word_1_276' title='bbox 817 2591 894 2616; x_wconf 82' lang='lat' dir='ltr'>not.</span> <span class='ocrx_word' id='word_1_277' title='bbox 952 2590 1033 2616; x_wconf 84' lang='lat' dir='ltr'>cent</span> <span class='ocrx_word' id='word_1_278' title='bbox 1061 2580 1256 2628; x_wconf 79' lang='lat' dir='ltr'>implicitae</span> <span class='ocrx_word' id='word_1_279' title='bbox 1285 2578 1348 2615; x_wconf 78' lang='lat' dir='ltr'>fibi</span> <span class='ocrx_word' id='word_1_280' title='bbox 1369 2574 1572 2614; x_wconf 66' lang='lat' dir='ltr'>fimssitu‘di·</span> 
     </span>
     <span class='ocr_line' id='line_1_35' title="bbox 267 2634 1570 2688; baseline -0.003 -15"><span class='ocrx_word' id='word_1_281' title='bbox 267 2637 350 2675; x_wconf 78' lang='lat' dir='ltr'>crit.</span> <span class='ocrx_word' id='word_1_282' title='bbox 947 2649 1021 2675; x_wconf 81' lang='lat' dir='ltr'>nes,</span> <span class='ocrx_word' id='word_1_283' title='bbox 1048 2635 1203 2686; x_wconf 70' lang='lat' dir='ltr'>singulae</span> <span class='ocrx_word' id='word_1_284' title='bbox 1226 2635 1374 2684; x_wconf 83' lang='lat' dir='ltr'>quidem</span> <span class='ocrx_word' id='word_1_285' title='bbox 1396 2634 1570 2688; x_wconf 75' lang='lat' dir='ltr'>egregiae.</span> 
     </span>
    </p>
   </div>
   <div class='ocr_carea' id='block_1_8' title="bbox 313 2691 1162 2741">
    <p class='ocr_par' dir='ltr' id='par_1_13' title="bbox 313 2691 1162 2741">
     <span class='ocr_line' id='line_1_36' title="bbox 313 2691 1162 2741; baseline -0.005 -11"><span class='ocrx_word' id='word_1_286' title='bbox 313 2693 462 2741; x_wconf 68' lang='lat' dir='ltr'>flamma</span> <span class='ocrx_word' id='word_1_287' title='bbox 481 2711 535 2721; x_wconf 90' lang='lat'>-·</span> <span class='ocrx_word' id='word_1_288' title='bbox 549 2691 712 2740; x_wconf 80' lang='lat' dir='ltr'>flumina·</span> <span class='ocrx_word' id='word_1_289' title='bbox 758 2691 891 2741; x_wconf 73' lang='lat' dir='ltr'>Displi-</span> <span class='ocrx_word' id='word_1_290' title='bbox 948 2692 991 2728; x_wconf 77' lang='lat' dir='ltr'>cf.</span> <span class='ocrx_word' id='word_1_291' title='bbox 1014 2701 1049 2732; x_wconf 85' lang='lat'>2,</span> <span class='ocrx_word' id='word_1_292' title='bbox 1069 2698 1106 2739; x_wconf 72' lang='grc'>4,</span> <span class='ocrx_word' id='word_1_293' title='bbox 1127 2701 1162 2735; x_wconf 87' lang='grc'>7.</span> 
     </span>
    </p>
   </div>
  </div>
 </body>
</html>
