1644 2964
325 174 490 220 INST.
526 173 804 220 ORATOR.
840 167 950 217 Lib.
976 171 1082 226 1v,:
1092 177 1137 224 5.
1308 165 1400 224 169

22 303 35 333 Γ
66 311 228 367 'quam
267 300 488 349 minora.
552 299 746 348 deinde
797 315 920 348 cum
967 295 1211 346 fecerunt
1255 291 1404 341 mille

70 379 350 446 particulas
365 379 474 436 jin
497 377 718 427 eandem
738 375 988 425 incidunt
1015 371 1405 424 obscuritatem,

73 466 262 505 contra·
286 459 444 520 quam
476 453 689 521 partitio
719 455 936 503 inventa
969 450 1056 500 est.
1136 452 1202 499 Et
1236 443 1405 496 divisa
1419 445 1471 484 25

0 539 64 586 567
76 542 127 581 et
157 531 372 598 fimplex
399 531 715 599 propositio,
783 531 990 597 quoties
1019 528 1223 578 utiliter
1257 523 1407 572 adhi-

27 598 31 599 ⁷
71 609 187 659 beri
216 608 409 675 potest,
457 611 696 676 primum
728 608 884 658 debet
914 604 1011 656 effe
1045 614 1220 672 aperta
1250 612 1408 667 atque

72 685 252 736 lucida
304 688 451 750 (nam
473 687 610 752 quid
637 687 698 736 Iit
720 687 958 752 turpius,
1018 700 1179 750 quam
1209 680 1268 729 id.
1309 675 1410 727 effe

74 762 359 812 obscurum
381 762 580 830 ipsum,
631 763 775 830 quod
811 765 871 812 in
902 780 1024 812 eum
1052 760 1226 811 solum
1259 756 1411 805 adhi-

72 839 228 890 betur
251 838 438 898 ufiun,
457 868 467 879 ·
490 859 559 890 ne
591 839 691 890 snit
727 851 895 889 cetera
931 838 1249 901 obscura‘Z),
1293 845 1412 883 tum

73 916 278 975 brevis,
343 935 440 966 nec
471 919 586 968 ullo
618 917 947 984 supervacuo
979 925 1191 965 onerata
1226 911 1411 966 verbo,

74 983 206 1043 Non
232 995 391 1052 enim,
421 995 554 1060 quid
578 995 830 1053 dicamus,
857 993 963 1051 sed,
993 992 1059 1041 de
1081 1009 1192 1058 quo
1215 989 1413 1038 dicturi

76 1069 282 1129 sumus,
322 1070 658 1134 ostendimus.
740 1070 1107 1121 Obtinendum
1128 1070 1311 1126 etiam,
1342 1083 1410 1116 ne
1423 1077 1477 1113 27

80 1145 214 1210 quid
237 1148 296 1196 in
323 1164 382 1195 ea
403 1146 554 1207 defit,
601 1166 668 1196 ne
689 1148 823 1214 quid.
844 1145 1075 1213 superfit.
1169 1143 1414 1210 Superest

81 1233 258 1274 autem
280 1223 348 1273 [ic
365 1223 503 1286 fere,
543 1242 667 1275 cum
697 1236 789 1275 aut
820 1226 880 1274 in
907 1223 1105 1291 species
1137 1223 1415 1291 partimur,

165 1379 231 1416 26.
260 1381 306 1418 Ee
328 1380 453 1432 ιῖἱυζῙα.
495 1382 554 1419 Sic
572 1383 699 1419 Turic.
722 1383 845 1420 Guelf.
868 1384 996 1432 Camp.
1016 1395 1102 1418 cum
1124 1380 1222 1417 Alm.
1263 1379 1418 1428 Reliqui

80 1435 260 1472 omittunt
280 1439 339 1474 Et.
560 1440 731 1476 adhiberi.
774 1442 833 1476 Sic
852 1441 979 1476 Turic.
1002 1438 1125 1475 Guelf.
1149 1440 1277 1487 Camp.
1299 1437 1417 1474 Goth.

81 1494 174 1532 Jens.
207 1497 292 1539 (tac.
318 1495 444 1542 Gesn.)
473 1494 556 1543 Bip.
586 1509 670 1531 cum
702 1497 785 1532 edd.
817 1507 900 1532 ante
920 1499 1052 1532 Burm.
1075 1495 1140 1543 qui
1163 1508 1276 1543 quare
1298 1495 1420 1531 haberi

81 1548 260 1598 scripserit
280 1547 609 1587 obsecundantibus
633 1553 923 1593 recentioribus,
947 1566 1023 1588 non
1046 1553 1225 1600 affequor.

165 1618 243 1654 del».
277 1619 373 1671 effe..
424 1615 507 1661 Hoc
539 1622 670 1658 ordine
702 1623 829 1658 Turic.
862 1622 987 1658 Guelf.
1019 1623 1146 1671 Camp.
1179 1621 1291 1658 Goth.
1320 1623 1419 1662 Jenl'.

83 1678 167 1720 (tac.
189 1676 318 1726 Gelu.)
341 1690 426 1712 cum
448 1677 529 1714 edd.
551 1689 634 1714 ante
656 1681 774 1714 Stoer.
806 1679 957 1728 Reliqui
978 1694 1008 1714 e.
1030 1679 1065 1714 d.

167 1755 232 1789 27.
260 1748 347 1796 quid
373 1747 542 1784 dicamus.
596 1749 656 1783 Sic
677 1749 804 1798 Camp.
826 1762 910 1785 cum
931 1748 1040 1783 Bodl.
1063 1748 1162 1783 Alm.
1184 1748 1302 1784 Andr.
1323 1748 1422 1785 aliis-

81 1814 152 1849 que
172 1815 247 1837 non
266 1800 390 1852 paubis
412 1814 495 1839 ante
515 1807 632 1840 Stoer.
692 1807 811 1854 Prope
830 1805 968 1840 accedit
989 1805 1115 1840 Turio.
1137 1807 1232 1854 quod
1252 1806 1421 1842 dicamus.

18 1882 21 1891 .
82 1859 177 1897 Jens.
209 1868 245 1894 et
273 1859 356 1894 edd.
385 1870 468 1895 ante
507 1861 593 1896 Ald.
625 1862 668 1896 ale
699 1876 768 1911 quo
807 1863 954 1897 dicimus
983 1874 1068 1896 cum
1110 1861 1234 1897 Guelf.
1291 1862 1362 1898 Sed
1401 1876 1423 1898 a

83 1916 228 1950 Stoerio
248 1915 324 1950 fere
344 1917 388 1951 de
411 1930 480 1966 quo
502 1918 657 1953 dicamus
676 1918 781 1966 quod
805 1918 852 1954 est
870 1918 910 1952 iu
933 1918 1048 1954 Goth.
1072 1928 1109 1953 et
1130 1918 1309 1958 Vallenfi,
1352 1919 1423 1955 ref.

81 1971 211 2008 Badio.
461 1974 545 2008 dict.
573 1972 699 2022 sumus
755 1975 815 2010 Sic
844 1975 972 2010 Turic.
1003 1974 1127 2010 Guelf.
1164 1977 1293 2010 Ioaun.
1323 1973 1421 2023 (tac.

84 2027 203 2132 Gibss.)
226 2029 353 2077 Camp.
373 2030 469 2067 Jenr.
493 2033 580 2076 (tac.
603 2031 729 2075 Getn.)
752 2041 789 2066 et
810 2031 892 2067 edd.
914 2041 998 2066 ante
1019 2031 1113 2071 Bad.
1165 2032 1319 2079 Reliqui
1346 2032 1424 2068 fere

83 2083 121 2118 d.
170 2086 267 2119 ιἠιιις.

143 2215 207 2252 26.
239 2217 285 2252 Et
313 2215 430 2266 divisa
449 2219 723 2269 ——propositio
781 2221 880 2256 enim
913 2221 959 2256 est
991 2218 1173 2271 ostendere
1205 2221 1291 2272 quid
1325 2222 1423 2259 dicas

85 2272 112 2307 i.
135 2286 166 2307 e.
188 2275 260 2307 five
289 2275 525 2322 partitionem
562 2276 724 2316 adhibes,
780 2277 806 2312 i.
841 2291 871 2312 e.
904 2291 1007 2317 rem,
1075 2291 1184 2326 quam
1220 2279 1424 2313 cummaxi-

86 2331 161 2364 Iive
191 2329 345 2378 simplici
375 2333 624 2381 propositione
646 2345 726 2369 ute·
781 2347 841 2369 me
874 2343 1022 2374 tractas,
1063 2334 1180 2383 qualis
1210 2337 1272 2373 fit.
1307 2334 1424 2384 expli-

86 2386 152 2422 ris.
784 2403 884 2429 care,
931 2390 1032 2426 aliud
1062 2391 1244 2440 ostendere
1276 2392 1338 2431 id,
1379 2392 1424 2427 de

784 2461 852 2496 quo
886 2448 1043 2484 ‘licturus
1072 2463 1107 2483 es
1137 2449 1162 2482 i.
1196 2461 1226 2483 0.
1259 2448 1424 2483 indicere

145 2522 210 2556 27,
240 2514 325 2563 quid
346 2515 501 2550 dicamus
519 2534 573 2543 -,,
592 2515 635 2550 de
656 2500 731 2565 quo*
782 2517 844 2543 ea,
892 2517 986 2551 quae
1022 2518 1113 2539 mox
1153 2505 1424 2540 tractabuntur.

88 2569 215 2604 dictun-
259 2570 393 2618 sumus·
468 2572 595 2607 priore
644 2571 727 2607 1000
783 2559 878 2596 Illud
903 2561 1133 2609 probationis
1154 2562 1221 2600 est,
1250 2561 1322 2596 hoc
1340 2573 1426 2610 pro·

49 2628 52 2629 ⁷
89 2626 351 2672 conjunctivus
391 2629 540 2676 proprie
582 2629 728 2677 usurpa-
782 2618 987 2667 POfitifflffl·

90 2690 171 2721 tur,
211 2681 325 2718 altero
346 2683 583 2729 indicativus,
613 2684 728 2723 Aliud
838 2698 878 2724 nt
892 2684 930 2738 si
950 2687 1076 2725 dicam.
1107 2686 1184 2725 vid.
1208 2696 1287 2725 not.
1311 2686 1397 2723 erin
