1644 2964
308 149 472 196 msr.
511 123 786 194 oRA‘roR.
824 147 945 191 Lm.
965 147 1024 203 v,
1056 127 1108 205 '7.
1279 160 1338 191 20
1345 155 1371 201 5

20 269 330 330 αὖοῌίιιε
361 285 414 323 et
443 272 778 339 frequentius
804 269 923 320 fuit.
1013 271 1159 341 Quid.
1194 283 1373 323 autem

40 340 102 405 fii
122 343 396 420 'quemque
424 350 633 400 testium
664 347 949 400 dicendum
976 347 1062 408 fit,
1104 349 1243 399 sumi
1271 349 1371 400 nist

20 445 107 483 -ex
141 429 379 497 ipsorum
416 426 652 495 personis
703 444 816 477 non
859 425 1040 492 potest.
1112 429 1369 494 Reliquae
1381 436 1436 475 26

0 505 1 535 ³
35 507 402 574 interrogandi
425 504 546 556 sunt
567 517 751 572 partes.
831 507 948 574 Qua
971 504 1031 553 in
1053 521 1110 552 re
1131 507 1374 571 primum

38 583 139 645 est,
171 580 311 660 unffi
331 581 524 655 teste-m.
579 599 702 632 nam
730 580 953 632 timidus
983 583 1198 641 terreri,
1245 582 1373 632 stul-

19 672 134 714 ius*
154 661 356 728 decipi,
412 660 701 710 iracundus
733 660 1012 718 concitari,
1065 660 1374 712 ambitiosus

0 735 241 802 obstari,
270 741 464 806 longus
482 737 721 805 protrahi
742 734 940 803 potest:
984 737 1220 803 prudens
1240 756 1373 789 vero

40 827 93 867 et
111 815 365 876 constans,
403 817 490 865 vel
512 827 762 881 tanquam
783 815 1035 863 inimicus
1058 825 1109 863 et
1127 817 1377 881 pervicax

39 893 389 944 dimittendus
419 892 619 951 statim,
683 893 773 943 vel
802 909 915 941 non
944 893 1377 958 interrogatione,

39 969 131 1021 [ed
163 972 316 1021 brevi
346 971 761 1019 interlocutione
805 970 1018 1034 patroni
1061 968 1378 1020 refutandus

40 1047 140 1108 est3
200 1058 291 1097 aut
323 1049 529 1113 aliquo,
583 1047 621 1096 fi
653 1047 949 1111 continget,
998 1046 1199 1095 urbane
1230 1047 1376 1098 dicto

40 1123 454 1190 refrigerandus;
523 1134 636 1181 aut,
700 1122 739 1170 fi
782 1122 917 1187 quid
956 1125 1013 1171 in
1055 1127 1168 1183 ejus
1211 1126 1379 1173 vitam

42 1201 151 1250 dici
171 1202 366 1268 poterit
380 1238 395 1260 ,
429 1198 660 1249 'infamia
690 1199 978 1249 criminum
1010 1198 1375 1251 destruendus.

38 1366 142 1404 hunc
166 1368 207 1403 in
235 1366 410 1403 modum:
440 1365 510 1417 nifi
534 1364 618 1416 post
639 1365 716 1416 fin.
772 1364 911 1401 Badius
930 1365 1036 1401 modo
1055 1378 1196 1414 ponens
1215 1380 1285 1417 pro
1305 1381 1378 1404 non

39 1424 104 1462 dat
137 1424 241 1460 modo
274 1422 356 1473 pofi
377 1423 454 1473 fin.
515 1425 612 1460 Mox
634 1422 861 1458 emendando
885 1422 1086 1473 Regianam
1105 1425 1379 1461 correctionem

40 1481 258 1530 scripserunt
287 1494 359 1516 non
392 1479 461 1530 nisi
493 1479 573 1529 post
597 1479 674 1529 fin.
706 1478 806 1528 quod
837 1479 923 1513 inde
945 1492 964 1513 a
985 1479 1073 1514 Bad.
1098 1481 1244 1516 secund.
1269 1481 1317 1516 est
1335 1481 1379 1516 in.

40 1537 134 1573 meis
165 1536 350 1572 omnibus.
428 1536 671 1572 Audaciffima
699 1535 867 1584 profecto
897 1536 1128 1583 conjectura,
1167 1550 1239 1584 qua
1268 1537 1381 1587 plane

41 1593 223 1629 contraria
254 1593 471 1629 obtruditur
504 1593 699 1631 sententia,
751 1604 982 1639 nequaquam
1017 1593 1234 1633 neceffario,
1290 1607 1378 1629 cum

37 1650 193 1698 antiqua
215 1650 390 1700 scriptura
409 1649 517 1685 etiam
539 1648 649 1701 longe
669 1649 784 1699 magis
806 1650 847 1683 fit
867 1649 1112 1683 consentanea.
1159 1649 1205 1684 cf.
1235 1649 1281 1685 de
1308 1650 1379 1700 nisi

39 1714 91 1752 5,
122 1719 170 1755 9,
198 1712 237 1753 4.
467 1716 503 1741 et
523 1705 632 1753 facil.
690 1705 816 1740 Turic.
851 1706 980 1753 Camp.
1013 1705 1195 1740 omittunt
1222 1716 1258 1742 et
1289 1719 1378 1743 cum

42 1761 143 1800 Alm.
164 1773 204 1798 ut
213 1761 252 1811 f.
284 1761 408 1799 Guelf.
430 1762 532 1802 Voss'.
557 1771 595 1806 3.
626 1761 671 1797 cf.
692 1761 714 1806 ὦ
734 1768 786 1808 24
805 1763 894 1800 ει,ιή
913 1763 1050 1809 paucis.

130 1831 196 1868 26.
227 1833 356 1881 longus
382 1832 555 1881 protrahi.
622 1831 750 1868 Turic.
780 1832 928 1878 longum
957 1845 995 1879 p.
1028 1830 1086 1865 sed
1116 1845 1136 1866 a
1166 1832 1232 1868 see.
1262 1845 1378 1869 manu

41 1888 219 1928 nostrum.
276 1889 371 1928 Jens.
403 1890 421 1937 (
432 1899 497 1924 tac.
518 1889 649 1935 Gesn.)
679 1891 715 1923 in
741 1889 889 1936 longum
908 1902 945 1934 p.
967 1900 1052 1922 cum
1075 1887 1157 1923 edd.
1183 1899 1268 1924 anto
1288 1889 1375 1926 ΑΜ.

43 1946 118 1982 nic
136 1945 271 1981 nostras
294 1958 406 1981 voces
427 1945 570 1981 omittit
590 1958 675 1979 cum
696 1944 841 1979 Stoerio
866 1943 1024 1979 Chouet.
1045 1943 1152 1981 Leid.
1203 1945 1376 1983 Nostram

42 1995 259 2050 Teripturam
279 2002 365 2038 dant
386 2001 523 2050 reliqui
543 2001 664 2038 Codd.
687 2011 730 2036 ut
751 2010 786 2036 et
807 1999 902 2038 Van.

130 2081 308 2120 tanquam.
361 2072 488 2107 Turio.
511 2073 640 2119 Camp.
663 2069 765 2121 quasi
781 2072 859 2116 jam
879 2082 966 2105 cum
987 2069 1087 2106 Alm.

128 2140 187 2176 vel
203 2152 284 2176 non.
342 2140 468 2177 Turic-
489 2141 616 2190 Camp.
637 2151 673 2176 et
692 2153 762 2177 non
783 2152 868 2175 cum
887 2138 988 2175 Alm.
1012 2149 1050 2175 et
1069 2138 1164 2176 Obr.
1181 2138 1291 2176 male.

105 2272 171 2310 26.
198 2273 579 2324 Reliquae—partes.
637 2277 681 2310 In

49 2328 258 2379 defensore,-
300 2343 417 2378 neque
438 2332 536 2366 enim
561 2325 682 2366 fflhuc

46 2385 95 2422 {le
131 2386 297 2421 oratione
341 2396 516 2435 perpetua
562 2387 680 2422 solum

50 2453 190 2494 egerat,
229 2443 284 2478 sed
306 2442 422 2478 multa
451 2443 495 2478 de
524 2443 682 2479 interro-

47 2499 170 2551 gando
198 2500 433 2547 exposuerat,
480 2512 614 2535 verum
640 2501 682 2535 in

47 2553 264 2604 &cusator-e.

107 2612 234 2659 longus
272 2611 298 2646 i.
329 2625 359 2647 e.
395 2611 572 2647 verbosus
602 2623 638 2648 et
664 2626 683 2647 a

46 2669 236 2715 propofito
265 2667 447 2704 aberrans.
514 2669 574 2704 De
602 2681 681 2718 pro-

48 2722 223 2759 trahendo
245 2724 293 2763 cf.
315 2725 336 2768 §
364 2736 425 2772 ¹9-

793 2272 1059 2322 refrigerandus
1075 2287 1089 2315 ,-
1144 2272 1185 2308 in
1262 2273 1379 2310 risum

736 2329 890 2365 dandus.
917 2331 1040 2365 Locus
1060 2330 1151 2365 huic
1160 2329 1379 2366 illustrando

736 2387 883 2438 egregie
923 2386 1058 2422 faciens
1098 2386 1146 2422 est
1174 2385 1311 2433 Velleji
1341 2398 1379 2426 2,

738 2450 791 2487 85
836 2442 901 2478 ubi
938 2442 1094 2478 Plancus
1134 2444 1301 2478 Antonio
1342 2453 1379 2479 et

739 2499 955 2547 Cleopatrae
1009 2499 1136 2535 saltans
1195 2498 1378 2534 Glaucum

737 2556 877 2590 dicitur
951 2555 1208 2604 refrigeratus,
1275 2555 1380 2604 quod.

739 2611 987 2647 Ruhnkenius
1033 2612 1146 2646 nostri
1190 2611 1265 2647 loci
1302 2624 1380 2647 non

739 2668 938 2703 immemor
977 2669 1244 2718 interpretatur
1283 2669 1381 2708 „sri-

740 2749 762 2764 ‚,
776 2725 860 2776 gide
881 2737 1065 2775 exceptus,
1091 2734 1133 2760 ut
1152 2725 1380 2761 saltationem
