1644 2964
296 149 460 198 INST.
499 148 777 197 ORATOR.
811 149 933 196 LIB.
955 148 1040 207 lv,
1074 156 1122 204 5,
1283 143 1382 208 159

0 308 21 331 si
42 275 240 329 medici
272 277 451 344 prius,
486 291 662 341 .quam
696 286 938 334 curetur,
984 274 1204 342 aspexit:
1245 285 1296 323 at
1327 273 1382 333 fi,

0 411 12 416 „
41 373 113 408 rer
133 373 246 406 non
281 366 400 404 ante
433 353 727 421 proposita,
788 353 1060 411 securum,
1128 370 1185 401 ac
1230 353 1383 401 nulla

40 433 457 484 denunciatione
478 433 538 481 in
565 430 617 480 se
651 430 993 489 conversum,
1023 431 1233 480 intrarit
1265 446 1383 480 ora-

33 512 147 571 Δῑίος
200 509 413 568 efficiet,
457 508 607 574 quod
638 510 970 575 promittenti
999 525 1111 558 non
1144 506 1382 556 credere-

38 588 145 644 tur.
209 589 429 639 Interim
451 585 764 653 refugienda
788 603 900 636 non
921 585 1086 635 modo
1111 584 1418 635 distinctioG

39 663 412 732 quaestionum
443 663 541 723 est,
599 663 690 713 sed
724 665 947 715 omnino
981 665 1243 712 tractatio:
1307 659 1384 710 af-

37 741 268 794 fectibus
288 741 680 810 perturbandus
696 780 710 800 ,
751 753 801 790 et
826 742 889 790 ab
913 742 1210 790 intentione
1235 737 1386 789 aufe·

38 821 239 870 rendus
284 819 510 870 auditor.
617 821 749 869 Non
781 822 926 868 enim
954 818 1127 868 solum
1157 819 1386 867 oratoris

39 897 115 946 est
144 898 359 956 docere,
404 896 494 946 sed
521 896 642 962 plus
670 897 975 962 eloquentia
999 896 1132 944 circa
1158 912 1385 945 moven-

39 974 169 1026 dum
207 976 361 1024 valet.
465 976 572 1025 Cui
611 975 689 1022 rei
733 974 991 1023 contraria
1036 971 1110 1022 est
1151 974 1385 1021 maxime

39 1054 216 1104 tenuis
244 1053 336 1101 illa
368 1063 419 1100 et
454 1050 758 1118 scrupulose
787 1053 847 1100 in
876 1061 1049 1117 partes
1078 1049 1212 1100 secta
1241 1049 1386 1099 divi-

127 1218 165 1255 6.
195 1218 468 1268 perturbandus.
528 1217 654 1253 Turio.
685 1216 810 1252 Guelf.
842 1217 971 1266 Camp.
1003 1219 1130 1255 Ioann.
1154 1221 1242 1263 (tac.
1265 1213 1386 1260 Gibs.)

41 1275 303 1313 turbationibus
330 1287 414 1309 cum
446 1273 560 1310 Goth.
589 1283 625 1308 et
645 1273 726 1308 edd.
748 1283 830 1308 ante
857 1273 939 1309 Ald.
963 1272 1162 1313 omnibus,
1193 1285 1269 1321 quo
1289 1286 1388 1308 accc-

39 1333 98 1368 dit
118 1331 226 1368 Badii
245 1331 398 1366 secunda
423 1319 516 1378 {uae
535 1330 608 1365 hoc
628 1329 710 1364 dat:
742 1330 952 1379 asfectibus,
982 1331 1308 1379 perturbationibus
1331 1328 1386 1379 eft

38 1389 98 1425 ab.
156 1387 255 1424 Alm.
285 1386 372 1422 dare
398 1397 570 1422 narratur
599 1387 927 1435 perturbationibus
952 1398 994 1422 ut
1015 1398 1051 1423 et
1074 1387 1173 1432 Voff.
1196 1398 1326 1422 omnes
1348 1396 1386 1421 et

38 1446 149 1482 Rern.
180 1444 281 1492 quod
314 1445 410 1479 secus
439 1444 507 1479 effe
530 1445 687 1492 suspicor
709 1444 748 1478 iu
770 1444 941 1480 consensu
965 1445 1084 1480 Turic.
1111 1444 1240 1492 Guelf.
1267 1443 1386 1479 Goth.

40 1503 165 1546 Ioann.
186 1501 442 1536 emittentium
464 1502 783 1549 praepositionem.
857 1500 1040 1536 oscitavit
1060 1501 1158 1536 Gibs.
1183 1502 1219 1535 in
1241 1500 1385 1535 Britan-

38 1557 246 1606 nicitsuis,
273 1569 368 1604 quos
391 1567 495 1592 tacet.
556 1557 663 1605 Quod
685 1558 808 1592 suadet
828 1557 934 1592 Gesn.
956 1558 1298 1605 perturbatiorilms.
1335 1556 1385 1591 est

38 1614 113 1662 jam
153 1614 251 1663 apud
289 1613 429 1649 Vitlov.
462 1613 609 1662 Gryph.
652 1614 824 1659 (1556);
882 1625 948 1648 nec
978 1616 1055 1649 sane
1084 1614 1271 1663 displiceat
1299 1612 1385 1652 hoc,

39 1670 202 1706 maxime
227 1673 253 1706 fi
283 1682 352 1718 pro
382 1681 417 1706 et
448 1670 620 1706 scribitur
648 1670 717 1720 est,
770 1670 896 1718 quod,
945 1671 1064 1722 Regio
1092 1672 1165 1717 jam
1200 1670 1383 1708 suadente.

37 1727 144 1775 jubet
174 1728 280 1763 Gesn.
340 1727 473 1763 Nostra
509 1727 557 1762 est
592 1727 636 1762 ab
676 1726 796 1767 indo,
854 1739 923 1775 pro
963 1739 1034 1774 qua
1075 1727 1231 1776 propius
1260 1726 1383 1763 codd.

37 1784 256 1832 scripturam
287 1783 379 1820 Obr.
409 1798 445 1820 a.
480 1784 689 1820 turbandus.
750 1787 791 1819 Iu
824 1794 925 1819 tauto
957 1784 1128 1819 omnium
1163 1786 1266 1820 MSS.
1297 1795 1384 1818 con-

37 1839 159 1879 sensu,
200 1841 453 1876 turbatiorilms
470 1839 522 1890 est
542 1842 705 1890 recipere
726 1841 932 1892 religiosius
953 1851 1029 1875 erat
1051 1841 1219 1880 sortasse,
1261 1840 1383 1875 nescio

38 1905 161 1932 tamen
193 1909 302 1944 quam
333 1896 458 1931 limata
492 1907 529 1932 et
559 1898 602 1932 ad
634 1911 798 1949 unguem
830 1899 922 1932 sacta
945 1898 1097 1932 videtur
1116 1897 1250 1935 Aldina
1273 1897 1383 1932 ratio.

37 1953 120 1990 Nec
138 1965 232 2002 opus
254 1951 326 2003 est,
342 1954 459 2001 quod
479 1967 526 1989 ex
545 1955 729 2003 proximis
750 1954 1040 1989 commodissime
1063 1951 1277 2004 repetitur.⁸
1316 1968 1322 1970 ’

119 2028 232 2077 secta.
293 2030 351 2064 Sic
382 2031 510 2066 Turio.
546 2031 670 2067 Guelf.
703 2033 832 2080 Camp.
863 2034 989 2066 Ioann.
1023 2036 1108 2077 (tac.
1144 2032 1385 2079 Gibs.).c11m

41 2085 157 2121 Goth.
182 2085 279 2121 Voss'.
307 2098 338 2119 ι.
363 2096 397 2121 2.
424 2096 459 2130 3.
491 2097 527 2121 et
553 2089 634 2122 edd.
659 2098 742 2122 aute
764 2088 852 2123 Bad.
891 2088 1044 2135 Reliqui
1058 2088 1190 2137 sectae.
1252 2088 1386 2124 Nostra

41 2141 135 2189 quin
171 2142 214 2175 fit
244 2141 283 2175 in
312 2142 431 2177 codd.
463 2143 637 2178 omnibus
654 2156 729 2179 nou
751 2144 907 2185 dubito;
947 2157 1015 2179 nec
1037 2145 1254 2180 mutationis
1275 2145 1386 2180 ratio·

41 2210 126 2232 nem
149 2197 272 2233 reddit
294 2198 441 2234 Badius.
500 2199 674 2235 Alienum
709 2201 833 2235 videri
863 2191 980 2249 potest
1007 2202 1110 2249 quod
1139 2203 1211 2250 ipsa
1233 2203 1388 2249 diligen-

42 2256 94 2289 tia
126 2254 265 2289 dicitnr
295 2255 364 2290 effe
389 2254 514 2303 secta,
574 2266 610 2291 et
646 2256 838 2294 blanditur
869 2258 947 2292 sane
979 2270 1063 2305 prae
1093 2259 1165 2293 hoc
1198 2258 1385 2307 divisionis

36 2309 158 2359 sectae
179 2311 378 2359 diligentia.
438 2312 508 2347 Sed
534 2315 555 2347 si
578 2325 665 2348 vere
686 2314 764 2362 post
785 2315 851 2349 illa
871 2313 1011 2365 legitur
1032 2325 1087 2354 et,
1118 2317 1217 2363 quod
1238 2328 1257 2349 a
1278 2313 1385 2349 nullo

40 2366 135 2403 abest
162 2366 282 2407 libro,
330 2368 447 2409 unde,
484 2371 640 2417 quaeso,
680 2371 862 2406 extundes
894 2373 1174 2407 nominativum
1204 2370 1387 2419 adjectivi

95 2513 233 2549 medici.
287 2515 362 2550 Hic
391 2528 540 2564 quoque
567 2515 682 2557 locus,
741 2517 800 2553 Sic
844 2519 1038 2568 Juvemlis
1088 2520 1293 2556 Caeduntur
1333 2529 1390 2554 tu-

41 2570 142 2616 quod
192 2581 319 2606 monet
372 2573 481 2607 etiam
533 2575 685 2608 Pseudo-
743 2576 861 2611 midae
911 2577 1047 2612 medico
1095 2578 1231 2612 ridente
1281 2578 1388 2612 mari·

41 2625 262 2666 Turnebus,
289 2628 491 2663 ascribetur
509 2630 683 2677 plurimis
736 2630 835 2680 scae.

42 2679 109 2720 iis,
155 2683 220 2717 ubi
248 2685 402 2719 medicos
430 2685 630 2734 appellatos
664 2701 683 2722 a
800 2688 837 2724 6.
857 2688 961 2746 sectq
981 2709 1035 2719 -—
1057 2691 1258 2740 diligentia.
1297 2687 1389 2726 vid&
1452 2732 1456 2734 s

43 2738 233 2774 veteribus
269 2740 444 2776 videmus
487 2742 683 2791 chirurgos.
740 2755 820 2781 not.
844 2746 927 2782 crit.
