1560 2950
213 132 279 182 94
480 150 482 154 -
523 127 601 171 M.
631 128 763 174 ΕΑΒ.
799 129 1206 190 ρυῐΝΤιΜΑΜ
1243 157 1250 179 -.

213 264 271 294 eo
306 248 409 305 die,
467 251 639 311 quoad
653 246 868 322 senatus
896 249 973 320 est
1005 249 1258 325 dimzſj‘us,
1311 253 1517 306 domum

210 327 365 380 venit,
391 324 578 374 calceos
601 336 651 373 ec
669 323 968 395 vestimenta
987 332 1218 386 mutavit,
1235 326 1532 400 paldfspssl's-

212 399 331 446 dum
345 395 415 469 se
443 417 598 458 uxor,
646 412 701 448 ut
715 401 816 471 fit,
865 415 1148 467 comparat,
1189 416 1519 455 commoratus

149 471 302 541 58est.
382 480 548 543 Quam
593 477 726 524 nihil
766 489 1062 542 praeparato
1102 480 1238 527 nihil
1281 478 1517 530 festinato
1549 474 1560 484 ’

209 547 379 598 feciffe
411 551 621 599 videtur
658 552 814 600 Milo!
869 554 1027 620 Quod
1046 572 1152 603 non
1171 553 1343 603 solum
1367 556 1518 604 rebus

209 624 330 689 ipfis
369 627 453 672 vir
491 626 955 688 eloquentiffimus‚
1028 631 1236 693 quibus,
1263 647 1429 681 moras
1467 641 1518 678 et
1549 657 1560 672 κ

209 702 413 748 lentum
442 700 778 764 profectionis
813 702 1052 753 ordinem
1077 704 1246 762 ducit,
1290 703 1380 752 sed
1404 703 1516 754 ver·
1546 748 1549 758 (

210 776 290 823 bis
331 775 484 822 etiam
518 777 822 840 vulgaribus
853 789 902 825 et
936 779 1282 842 quotidianis,
1337 790 1388 828 et
1410 791 1517 828 arte

211 851 413 899 occulta
443 850 744 900 consecutus
780 850 880 901 est:
951 871 1083 916 quae
1125 854 1162 902 fi
1200 856 1347 902 aliter
1382 855 1516 903 dicta

210 924 395 983 essent,
443 925 661 990 strepitu
686 925 854 991 ipsum
886 929 1113 988 judicem
1139 928 1204 976 ad
1222 929 1516 989 custodien-

146 1013 199 1054 69
211 1001 339 1049 dum
359 1011 636 1065 patronum
663 1000 960 1051 excitaffent.
1037 1003 1243 1068 Frigida
1268 1005 1516 1053 videntur

208 1075 300 1124 ista
321 1078 612 1140 plerisque:
651 1076 740 1124 sed
760 1077 860 1126 hoc
882 1077 1211 1126 manifestum
1234 1077 1304 1126 est
1318 1115 1332 1136 ‚
1385 1096 1515 1143 quo-

208 1151 370 1200 modo
393 1151 623 1211 judicem
641 1151 908 1209 fefellerit,
970 1152 1114 1216 quod
1149 1154 1236 1202 vix
1265 1171 1293 1200 a
1321 1154 1514 1203 lectore

126 1284 129 1285 ⁷
209 1226 633 1291 deprehenditur.
711 1231 848 1274 Haec
870 1226 1016 1284 sunt,
1058 1222 1188 1290 quae
1212 1229 1513 1278 credibilem

145 1302 396 1350 60faciant
417 1301 803 1365 expolitionem.
883 1304 1019 1350 Nam
1050 1320 1116 1350 ne
1151 1305 1402 1352 contraria
1424 1315 1560 1358 aut32

207 1378 303 1426 fibi
343 1378 683 1441 repugnantia
722 1377 781 1424 in
818 1379 1112 1425 narratione
1150 1378 1379 1428 dicamus
1394 1415 1408 1436 ,
1473 1378 1512 1428 fi

290 1534 354 1572 58.
383 1527 432 1562 ad
452 1524 582 1575 custod.
602 1537 740 1574 patron.
797 1529 852 1561 Ita
880 1527 1004 1562 Turic.
1037 1536 1072 1562 et
1100 1527 1225 1576 Camp.
1290 1527 1358 1563 sed
1390 1524 1522 1564 Guelf(

205 1584 331 1618 deinde
363 1593 505 1630 patron.
538 1594 621 1622 cum
649 1582 792 1628 aliquot
816 1582 931 1618 Codd.
953 1592 989 1616 et
1007 1583 1086 1617 edd.
1107 1583 1196 1618 meis
1217 1592 1298 1618 ante
1316 1583 1407 1619 Obr.
1434 1597 1510 1618 exc.

203 1638 288 1674 Ald.
311 1638 376 1684 qui
397 1638 445 1672 acl
464 1636 595 1684 custod.
617 1638 740 1672 deinde
763 1647 902 1684 patron.
961 1638 1068 1684 Quod
1089 1638 1179 1674 Obr.
1199 1640 1301 1684 ajunt
1315 1639 1404 1673 dare
1417 1640 1513 1683 judi-

202 1708 278 1730 cem
307 1694 386 1728 dein
416 1704 556 1740 patron.
586 1692 791 1727 manifestus
819 1704 923 1727 error
940 1693 997 1726 est.
1053 1695 1086 1727 Is
1109 1691 1206 1727 enirn
1227 1693 1379 1728 nostram
1399 1694 1512 1741 ipsam

203 1749 382 1798 praefert,
408 1759 475 1782 nec
490 1746 587 1782 Alm.
607 1760 626 1781 a
647 1749 710 1781 suo
731 1748 853 1782 Tui-ic⁴
879 1747 1042 1782 recedere
1064 1748 1194 1787 credo,
1228 1760 1339 1795 quem
1361 1749 1511 1783 eandem

205 1803 394 1840 Obrechto
414 1803 624 1850 scripturam
643 1802 781 1838 habere
791 1812 948 1836 narrant.
989 1805 1157 1850 Apparet,
1176 1815 1283 1850 quam
1306 1803 1509 1839 obnoxium

206 1859 323 1894 errori
344 1859 427 1892 effet
449 1858 612 1908 ignotius
632 1856 912 1905 custodiendum,
945 1858 1040 1892 unde
1065 1859 1297 1905 arripuerunt
1319 1860 1455 1893 deinde.

287 1922 350 1960 59.
381 1914 445 1948 hoc
464 1910 695 1960 manifestum.
741 1915 795 1947 Ita
815 1914 938 1947 Turio.
962 1922 997 1946 et
1018 1914 1143 1960 Camp.
1163 1925 1245 1947 cum
1269 1913 1368 1949 Alm.
1413 1913 1511 1949 Reli-

203 1969 270 2017 qui
288 1970 450 2003 inserunt
471 1966 606 2014 ipsum,
634 1979 701 2014 pro
723 1980 797 2014 quo
819 1968 909 2003 Obr.
931 1966 1020 2015 ipso.

278 2024 433 2072 faciant.
491 2025 544 2056 Ita
563 2023 686 2057 Turic.
708 2022 828 2058 Guelf.
854 2022 963 2057 Goth.
985 2023 1076 2059 Jens.
1106 2025 1189 2066 (tac.
1215 2023 1338 2070 Gesn.)
1363 2032 1400 2058 et
1426 2023 1508 2058 edd.

201 2091 304 2115 meae
325 2088 406 2113 ante
428 2077 572 2125 Gryph.
619 2079 712 2111 Item
733 2077 829 2112 Alm.
855 2077 960 2113 Colb.
982 2078 1079 2114 Voss'.
1102 2088 1136 2112 2.
1159 2087 1196 2120 5.
1233 2078 1403 2126 Reliqui.
1429 2079 1510 2126 qui·

202 2134 357 2170 buscum
378 2144 414 2168 et
438 2135 562 2180 Camp.
577 2132 734 2180 faciunt.
764 2132 808 2168 cf.
830 2142 948 2167 tamen
964 2140 1001 2178 4,
1024 2142 1059 2176 3,
1087 2133 1144 2167 16.

287 2189 352 2224 60.
384 2186 443 2223 Na
446 2203 518 2222 ιιιιι
520 2202 538 2222 e
558 2191 740 2223 contraria.
800 2189 924 2227 Turic.
946 2189 1037 2222 Nam
1058 2186 1152 2236 quod
1171 2185 1222 2235 ψ
1245 2201 1352 2236 neque
1371 2198 1509 2223 contra·

201 2247 266 2280 ria.
323 2243 421 2278 Alm.
450 2245 543 2278 Nam
574 2243 610 2276 id
638 2243 730 2290 quod
759 2242 809 2290 est
837 2257 944 2292 neque
976 2244 1159 2276 contraria.
1219 2244 1335 2283 Mire;
1365 2253 1400 2278 et
1431 2243 1506 2278 soli.

200 2296 261 2335 *An
282 2309 359 2334 erat
378 2298 490 2349 gloffa
508 2298 547 2331 in
572 2299 756 2348 margine:
787 2299 824 2333 id
845 2298 938 2346 quod
958 2295 1007 2345 est
1029 2298 1228 2332 traditum?

256 2436 323 2474 58.
351 2419 399 2464 ad
417 2426 686 2476 custodiendum.
728 2427 772 2462 cf.
791 2433 829 2474 4,
943 2435 1007 2474 59.
1037 2426 1101 2464 hoc
1123 2447 1177 2455 -—
1197 2427 1301 2476 quod.
1331 2427 1434 2462 Prius
1455 2439 1509 2461 ac-

206 2497 239 2524 1,
263 2495 327 2532 59.
384 2484 512 2519 Malim
536 2493 654 2517 tamen
683 2494 750 2530 pro
777 2485 830 2530 ip·
884 2482 962 2529 cipe
1000 2483 1078 2517 casu
1107 2483 1206 2517 sexto
1235 2492 1270 2516 et
1298 2492 1378 2516 ante
1413 2482 1507 2529 quod

194 2539 277 2589 sum
294 2539 446 2584 judicem
469 2539 541 2588 legi
563 2537 640 2585 ipso
663 2538 724 2582 (ad
738 2535 828 2584 fire-
883 2537 1031 2572 subaudi
1049 2538 1097 2575 id,
1127 2547 1167 2571 ut
1189 2538 1283 2586 quod
1302 2548 1506 2585 pronomen.

200 2597 297 2642 pitu)
319 2595 491 2639 judicem,
541 2602 582 2627 ut
602 2603 637 2627 et
658 2592 826 2628 Rollinus
879 2594 943 2631 fit,
971 2604 1046 2628 non
1066 2593 1286 2637 conjunctio.

202 2649 332 2684 suadet.
