1560 2950
394 137 557 194 INST.
594 144 873 192 ORATOR.
908 143 1030 188 Lm.
1051 144 1135 199 nr,
1175 157 1218 189 ε.
1335 188 1339 199 ,
1382 155 1476 203 117

136 288 289 322 mum
311 272 438 331 erit,
472 282 522 319 et
555 272 647 329 iis,
697 287 834 337 quae
853 280 1054 336 partem
1077 268 1309 319 nostram
1327 269 1478 329 adiu-

135 349 366 407 vabant,
421 347 663 414 expolitis
716 359 769 397 et
821 346 1169 404 confirmatis,
1229 346 1475 397 adversus

134 426 342 491 reliqua
367 427 445 474 uti
469 425 744 484 remediis,
783 424 849 473 de
872 425 1066 490 quibus
1087 423 1244 490 supra
1269 425 1474 474 dictum

131 501 220 551 est.
313 503 368 552 Si
400 504 551 569 plura
579 502 900 569 proderunt3
960 503 1116 551 etiam
1150 506 1471 567 conjungere
1486 519 1560 549 102

129 579 342 638 licebit,
400 591 488 638 ut,
546 597 680 646 quae
715 579 945 637 obstant,
1003 581 1060 628 in
1093 579 1284 629 mediis
1322 581 1472 629 velut

130 658 339 707 auxiliis
362 656 552 707 nostris
572 657 763 725 posita,
800 658 980 706 minus
1003 657 1227 706 habeant
1249 657 1466 707 virium.

131 751 267 799 quae
303 745 479 783 tamen
516 751 629 784 non
663 745 820 786 erunt
856 734 1002 783 nuda
1034 734 1307 800 ponenda,
1362 734 1469 792 sed,

79 808 86 811 “
128 822 193 859 ut
217 821 269 859 et
294 810 470 861 nostra
505 813 679 877 aliqua
699 812 1154 877 argumentatione
1179 810 1468 870 firmemus,

126 898 180 936 et
198 887 402 936 diversa
425 906 522 937 cur
541 888 812 937 credibilia
834 906 946 939 non
968 887 1092 947 snit,
1131 889 1466 949 adjiciamus:

123 966 280 1030 quia,
330 964 431 1014 nisi
462 964 881 1023 distinxerimus,
929 965 1227 1016 verendum
1260 953 1358 1023 est,
1400 983 1468 1014 ne

124 1042 266 1090 bona
326 1041 501 1091 nostra
559 1044 830 1108 permixtis
892 1044 1045 1093 malis
1097 1044 1463 1107 inquinentur.

122 1118 217 1180 Illa
243 1135 462 1183 quoque
488 1118 554 1168 de
578 1121 877 1170 narratione
900 1121 1132 1187 praecipi
1154 1118 1351 1177 solent,
1393 1137 1462 1168 ne
1479 1133 1555 1169 105

125 1194 230 1260 qua
249 1212 311 1243 ex
331 1212 388 1244 ea
410 1193 499 1244 flat
522 1194 751 1268 excurfio
765 1216 786 1259 ,·
826 1215 894 1246 ne
922 1208 1199 1247 avertatur
1227 1215 1254 1245 a
1284 1190 1464 1257 judice

109 1268 324 1346 [θνητος
385 1289 453 1321 ne
496 1273 697 1322 alienae
732 1270 989 1346 personae
1027 1292 1214 1324 vocem
1247 1274 1462 1333 demus;

119 1366 191 1399 ne
221 1361 671 1420 argumentemur:
730 1351 989 1412 adjiciunt
1025 1351 1245 1416 quidam
1287 1353 1461 1410 etiam,

119 1443 189 1476 ne
213 1437 429 1476 utamur
448 1422 752 1502 affectibus.-
805 1446 1041 1494 quorum
1064 1430 1316 1495 pleraque
1339 1428 1464 1478 sunt

119 1503 526 1570 frequentiffime
549 1504 919 1555 custodienda:
973 1507 1142 1556 immo
1164 1524 1461 1571 nunquam,

118 1581 219 1632 nisi
249 1583 382 1632 ratio
417 1583 670 1649 coegerit,
717 1582 986 1633 mutanda.
1065 1586 1138 1634 Ut
1170 1583 1231 1633 fit
1261 1582 1551 1651 expofi-104

207 1779 295 1805 102.
327 1770 452 1807 mediis
471 1771 582 1807 velut.
640 1773 696 1806 xta
718 1770 845 1806 Turic-
869 1771 998 1820 Camp.
1019 1783 1105 1806 cum
1129 1770 1228 1808 Alm.
1287 1771 1458 1808 Turbam:

117 1825 180 1862 hic
206 1825 336 1863 multa.
395 1827 509 1863 Goth.
541 1827 627 1873 (tac.
652 1828 779 1871 Gesn.)
809 1829 928 1863 licebit
955 1843 989 1878 q.
1023 1842 1057 1864 ο.
1087 1839 1127 1863 ut
1158 1830 1182 1864 ί.
1211 1829 1338 1864 medio.
1369 1841 1456 1864 cum

117 1883 217 1921 Voss‘.
238 1893 275 1918 2.
333 1885 384 1919 At
411 1883 536 1920 Guelf.
566 1885 684 1919 licebit
712 1899 744 1933 q.
776 1897 810 1922 ο.
835 1883 913 1933 sint
947 1888 970 1921 i.
999 1886 1128 1920 medio.
1187 1885 1279 1920 Edd.
1302 1886 1456 1933 quidem

117 1951 246 1974 omnes
275 1952 377 1975 meae
406 1941 544 1980 medio,
591 1950 738 1988 praeter
757 1941 887 1988 Camp.
909 1951 945 1976 et
970 1942 1084 1990 Capp.
1108 1941 1268 1977 Pessime.
1310 1943 1383 1977 Hic
1407 1952 1458 1976 ta-

117 2008 204 2030 men
234 1995 327 2030 male
355 2006 396 2031 ut
415 1997 494 2046 post
512 1995 653 2046 obstant
672 1997 894 2033 amandavit.
938 1999 1078 2050 Regius
1098 1999 1222 2034 mediis
1243 1999 1458 2046 conjectura

118 2050 167 2085 est
189 2050 379 2087 affecutus.

174 2206 333 2241 remediis
361 2201 416 2234 -‘-
451 2205 578 2255 supra.
638 2207 756 2243 Omni
813 2219 857 2251 7,
889 2218 925 2252 3.
985 2209 1067 2246 Jam
1101 2209 1251 2259 respicit
1287 2209 1332 2245 ad
1369 2220 1452 2247 eum

116 2259 207 2300 hac,
237 2261 281 2297 de
314 2263 414 2298 cansa
444 2262 608 2303 difficili,
636 2263 756 2313 dispu-
811 2267 859 2311 (§
884 2267 992 2310 101).

117 2317 257 2354 tatione
277 2331 298 2352 a
316 2319 336 2362 ᾖ
357 2318 409 2363 65
429 2319 528 2355 inde.
580 2323 753 2358 Remedia

114 2375 163 2409 fic
211 2374 389 2411 dicuntur
438 2385 476 2412 et
522 2383 568 2424 4,
614 2391 628 2413 1
646 2404 656 2418 ,
686 2384 754 2426 41.
868 2357 958 2392 quae
1004 2355 1133 2380 mmm·
1215 2345 1316 2381 cave
1362 2359 1452 2394 quae

808 2400 943 2436 referas
962 2399 1007 2434 ad
1027 2412 1067 2435 ea
1088 2400 1159 2436 sola
1178 2413 1272 2448 quae
1291 2401 1450 2448 obstant3

115 2438 164 2474 5*
195 2440 241 2471 2,
271 2439 310 2476 5·
809 2456 855 2492 ad
875 2463 1030 2504 utraque
1052 2458 1226 2506 pertinet.

174 2510 264 2535 102.
285 2504 391 2537 etiam
406 2505 630 2552 conjungere.
662 2505 753 2541 Non

113 2555 196 2591 [atis
219 2568 378 2606 apparet,
398 2571 473 2606 quo
493 2563 602 2596 etiam
620 2562 754 2609 spectet

113 2611 153 2647 h.
177 2611 204 2647 l.
262 2614 393 2649 Malim
418 2618 514 2661 jum,
544 2626 587 2652 ut
605 2628 640 2652 et
659 2617 755 2652 male

113 2669 313 2717 repetitum
328 2673 370 2705 fit
386 2684 431 2706 ex
444 2672 634 2720 postremis
652 2686 755 2722 prae·
870 2684 961 2718 105.
991 2689 1034 2711 ne
1062 2686 1245 2712 avertatur
1255 2672 1451 2726 —serm00

116 2724 276 2761 cedentis
306 2727 414 2764 verbi
441 2727 574 2767 literis.
630 2730 677 2766 ef.
717 2740 755 2772 2,
812 2730 860 2767 ef.
878 2736 919 2778 4.
945 2745 978 2771 ι,
1004 2731 1069 2777 65.

861 2548 905 2571 no
936 2535 1028 2571 bona
1057 2534 1177 2585 nostra
1198 2556 1252 2564 -—
1272 2538 1452 2587 inquinen-

810 2601 878 2627 tur.
911 2591 957 2627 cf.
981 2601 1018 2630 2,
1041 2600 1078 2635 5,
1102 2598 1167 2640 24.
