1560 2950
303 137 467 184 INST.
504 131 783 180 ORATOR.
820 131 941 176 LIB.
962 130 1049 186 IV,
1089 144 1131 178 2.
1323 134 1387 186 95

49 265 140 315 cui
175 260 610 330 praecipiendum
643 257 743 316 est,
784 258 833 306 is
854 257 1058 321 reliqua
1075 252 1267 304 frustra
1294 252 1392 302 do·-

48 352 224 393 cetur:
286 338 484 390 etiamsi
509 336 727 403 quidam
747 333 1026 400 scriptores
1049 334 1262 382 Artium
1284 330 1394 379 hoc

34 435 298 486 quoque,
342 427 595 482 tanquam
627 413 902 463 occultum
935 420 988 459 et
1020 428 1047 458 a
1074 409 1126 458 se
1154 407 1391 475 pruden-

50 507 133 547 ter
159 505 404 553 erutum,
466 492 697 542 tradunt.
799 491 896 539 His
931 488 1102 537 tribus
1141 483 1451 536 narrandi&

52 573 346 622 virtutibus
389 569 645 632 adjiciunt
689 565 908 633 quidam
937 562 1394 636 magnificencihm,

49 667 211 717 *quam
259 651 638 716 μεγαλοπρέπειαν
679 654 900 702 vocant,
956 659 1091 707 quae
1124 656 1301 706 neque
1336 641 1396 689 in

56 743 242 778 omnes
271 721 444 772 causas
477 721 615 770 cadit
656 723 800 781 (nam
831 719 990 789 quid,
1033 721 1089 768 in
1126 719 1396 785 plerisque

56 803 272 868 §udiciis
298 801 543 866 privatis,
604 798 670 847 de
703 809 840 847 certa
866 797 1088 855 credita,
1138 797 1309 846 locato
1342 803 1400 841 et

59 880 326 930 conducto
342 914 357 934 ‚
409 875 729 933 interdictis,
777 875 971 923 habere
995 875 1102 923 loci
1125 871 1293 939 potest
1314 870 1402 919 [α-

58 974 155 1024 >pra
174 954 402 1005 modum
418 951 471 1002 se
491 953 683 1002 tollens
705 953 874 1002 oratio
887 951 972 1019 2),
999 967 1176 1014 neque
1197 948 1403 1014 semper

150 1130 298 1180 reliqua.
352 1127 480 1164 Turic-
511 1140 548 1162 re
576 1141 668 1176 quae
695 1140 714 1162 a
744 1128 808 1163 sec.
835 1139 949 1161 manu
970 1139 1094 1174 neque.
1153 1123 1254 1160 Alm.
1287 1136 1405 1172 reque.

69 1186 193 1224 Guelf.
217 1198 327 1234 acque
347 1196 432 1218 cum
457 1184 584 1231 Camp.
606 1193 643 1218 et
663 1183 746 1218 edd.
770 1184 862 1218 meis
881 1193 965 1217 ante
986 1181 1070 1218 Ald.

155 1261 220 1298 61.
249 1261 294 1296 de
321 1270 417 1295 certa
444 1260 591 1295 credita.
650 1261 710 1295 Sic
741 1260 868 1295 Turic-
900 1273 920 1295 a
950 1272 1007 1308 pr.
1038 1271 1151 1294 manu
1183 1261 1228 1305 (a
1255 1257 1409 1292 secunda

62 1319 208 1356 decerto
244 1316 357 1355 cred..
407 1325 523 1350 cetera
555 1329 574 1350 a
603 1317 816 1351 conferente
846 1329 921 1351 non
951 1315 1157 1359 adduntur)
1188 1328 1273 1350 cum
1306 1313 1407 1349 Alm.

68 1375 138 1424 qui
165 1373 391 1420 conjunctim
424 1372 566 1408 decerta
595 1373 750 1411 credita,
795 1373 883 1407 item
919 1373 1019 1410 Voss'.
1050 1386 1081 1407 1.
1107 1382 1143 1416 3.
1177 1371 1260 1415 (etfi
1295 1382 1410 1405 trans-

68 1429 241 1482 ponendo
261 1439 430 1478 peccant:
472 1429 625 1464 Decreta
647 1429 813 1477 cradira.)
845 1429 969 1465 Guelf.
992 1429 1036 1464 de
1057 1440 1152 1465 certo
1167 1429 1301 1464 credito
1323 1440 1409 1462 cum

72 1489 201 1536 Camp.
260 1485 411 1533 Reliqui
441 1485 486 1519 de
515 1499 552 1520 re
584 1496 678 1520 certa
708 1486 852 1521 credita.
909 1487 969 1522 Re
995 1486 1066 1521 vix
1095 1485 1204 1520 credo
1233 1486 1274 1519 in
1302 1484 1411 1526 bonis

73 1546 179 1581 MSS.
219 1542 405 1580 inveniri,
434 1553 643 1589 quanquam
684 1542 761 1576 fere
803 1541 954 1577 filentnr
992 1556 1011 1577 a
1050 1541 1326 1577 conserentibus
1376 1550 1413 1575 et

77 1599 192 1636 Goth.
214 1598 276 1633 dat
295 1597 492 1633 manifesto.
550 1598 730 1633 Geminus
751 1598 872 1634 nostro
893 1597 1063 1634 estlocus
1089 1609 1150 1638 12,
1175 1611 1237 1638 10,
1258 1607 1322 1640 70.
1345 1596 1414 1633 ubi

79 1655 197 1693 codd.
227 1655 353 1690 Turio.
384 1654 508 1690 Guelf.
540 1654 655 1690 Goth.
690 1655 870 1689 omittunt
901 1669 958 1694 re,
1001 1668 1085 1690 cum
1107 1655 1190 1690 edd.
1213 1655 1307 1689 meis
1330 1664 1415 1689 ante

76 1712 163 1749 Ald.
194 1711 262 1746 nisi
291 1710 391 1759 quod
420 1711 600 1759 Campani
618 1710 757 1749 nullam
781 1725 800 1746 a
822 1712 982 1747 Gesnero
1001 1712 1250 1760 diverfifatem
1271 1711 1416 1750 notavi,

77 1781 162 1805 meo
183 1768 348 1816 profecto
369 1779 504 1803 errore.
562 1766 622 1802 sio
643 1767 822 1803 adductus
845 1769 944 1807 suin,
974 1778 1018 1803 ut
1038 1781 1104 1817 per
1126 1767 1277 1816 ellipsin,
1308 1768 1415 1815 cujus

77 1823 225 1861 nullum
246 1833 430 1872 praetere-a
451 1823 662 1871 exemplum
686 1824 726 1858 in
750 1834 930 1873 promptu
950 1824 1087 1864 habeo,
1126 1826 1323 1860 scriberem
1346 1838 1417 1860 cer-

79 1892 154 1918 tam
171 1881 342 1916 creditam
361 1893 429 1928 pro
443 1885 631 1928 pecuniam
649 1891 732 1915 cert.
754 1882 846 1916 cred.
870 1881 971 1928 quod
1002 1880 1122 1930 ipsum
1149 1881 1328 1916 habemns
1349 1881 1369 1925 §
1391 1880 1416 1916 6

79 1946 118 1974 et
137 1944 175 1982 8,
198 1946 235 1980 5,
265 1943 344 1983 ¹4³.
367 1937 413 1970 cf.
437 1944 474 1983 4,
495 1943 534 1983 4,
556 1936 592 1972 6.
615 1947 786 1972 mutuam.
817 1950 892 1985 quo
912 1939 1037 1972 minus
1059 1939 1260 1986 suspectum
1283 1938 1418 1972 habere

80 1993 236 2028 debebat
265 1994 445 2028 Gesnerus
474 2003 591 2032 certa,
639 1993 741 2039 quod
773 1994 853 2028 satis
885 1994 1058 2041 frequens
1085 1994 1123 2028 in
1154 1994 1221 2030 hac
1250 2007 1289 2029 re
1320 1993 1419 2041 apud.

82 2051 206 2085 Ictos.
263 2050 409 2085 Neutro
429 2061 583 2098 genere,
613 2059 708 2084 certo
729 2050 862 2085 credito
879 2051 983 2097 quod
1004 2050 1207 2085 ostenditur
1227 2050 1267 2084 in
1290 2049 1417 2086 Guelfi

84 2115 123 2140 et
141 2104 285 2151 aliquot
302 2103 402 2142 aliis,
434 2104 491 2137 uti
509 2104 637 2143 nolui,
666 2117 751 2140 curn
773 2106 954 2156 originem
976 2107 1112 2141 erroris
1134 2103 1294 2153 aperiam
1315 2106 1419 2141 vide-

84 2173 164 2196 rem
193 2161 232 2194 in
264 2160 332 2194 hac
359 2159 521 2199 ratione,
567 2160 606 2194 in
635 2159 772 2200 altera,
821 2174 930 2207 quam
957 2163 1098 2197 secutus
1129 2165 1224 2202 sum,
1263 2162 1418 2198 nullam.

86 2217 157 2252 Sed
185 2215 358 2251 librarius
390 2216 622 2264 imperitior.
673 2217 739 2264 qui
770 2217 924 2252 nostram
965 2219 1180 2267 [cripturam
1218 2220 1418 2259 inveniret,

85 2284 200 2322 paene
238 2272 431 2307 neceffario
478 2273 657 2308 inserebat
695 2287 753 2312 re,
811 2274 911 2321 quod
951 2287 1029 2310 non
1066 2288 1200 2310 vereor
1242 2286 1284 2311 ut
1323 2287 1419 2311 reete

86 2328 369 2378 proscripserim.
427 2328 486 2370 cf„
505 2341 667 2364 errorem
698 2331 826 2378 Camp.
856 2331 899 2365 ad
922 2340 959 2374 5,
985 2343 1043 2371 ιο,
1070 2331 1122 2367 66
1159 2332 1420 2372 ostendentem.
1463 2334 1467 2338 ”

85 2383 181 2420 hanc
202 2385 360 2419 formam
379 2383 540 2419 librariis
560 2386 818 2437 pervulgatam
838 2387 955 2422 fuiss'e.

166 2475 278 2511 neque
299 2459 452 2509 semper.
512 2462 571 2498 Sic
607 2464 734 2499 Turio.
773 2464 896 2500 Guelf.
939 2465 1068 2514 Camp.
1109 2464 1262 2514 Reliqui
1287 2478 1360 2501 nec.
1384 2464 1421 2515 s.

84 2517 264 2555 Nostrum
290 2517 518 2553 concinnius.

145 2650 210 2687 61.
240 2651 285 2686 de
305 2661 398 2687 certa
421 2652 566 2687 credita.
613 2651 725 2688 Intel-
837 2654 1043 2692 interdictis.
1092 2655 1138 2692 cf.
1176 2666 1224 2695 2.
1267 2668 1341 2696 ιο,

1384 2663 1420 2690 f,

85 2706 161 2760 lige
179 2710 351 2757 pecunia,
378 2717 415 2743 et
436 2707 480 2744 cf.
502 2717 580 2745 not.
601 2709 683 2746 crit.
780 2718 825 2755 5,
858 2712 904 2751 6,
936 2722 1001 2756 71.
1383 2677 1407 2701 d
