1644 2964
309 168 472 214 INST.
511 167 788 214 ORATOR..
824 167 945 213 LIB.
967 167 1027 218 V,
1060 180 1138 212 ιο.
1292 178 1390 226 303

58 289 266 352 versiae,
304 294 446 360 quod
461 289 777 363 restitutione
802 286 1163 366 recepzffejus,
1192 290 1391 366 etiamsi

57 368 199 438 iquo'cl
226 366 487 444 amiserint
501 409 515 430 ‚
585 367 814 420 Thebani
841 370 1096 420 videntur.
1184 371 1286 418 Hic
1321 380 1390 430 et,

52 447 194 525 'cffid
249 446 524 499 Cass'ander
574 448 734 506 velit,
795 448 1095 512 quaeritur:
1158 445 1249 496 sed
1298 449 1389 498 vel

53 524 398 594 potmtissima
419 524 563 591 apud
585 525 1002 592 Amphictyonas
1027 526 1183 591 aequi
1205 536 1390 575 tracta-

53 603 133 653 tio
165 599 254 651 est.
342 606 480 652 Haec
508 620 621 652 non
656 603 847 652 iccirco
881 601 1027 661 dico,
1083 602 1231 669 quod
1265 604 1481 662 inu-²19

52 677 205 729 tilem
225 679 422 730 horum
442 681 713 739 locorum,
765 696 829 729 ex
859 679 1056 745 quibus
1083 691 1391 746 argumenta

54 755 357 816 ducuntur,
403 758 766 824 cognitionem
791 768 1006 823 putem,
1056 757 1258 824 alioqui
1293 776 1391 808 nec

56 830 404 894 tradid'iffem3
443 833 534 884 sed.
559 852 627 884 ne
658 833 734 893 se,
785 836 878 900 qui
901 837 1251 900 cognoverint
1280 835 1391 895 ista,

53 907 95 960 fi
124 921 291 960 cetera
322 911 619 979 negligant,
661 909 922 978 perfectos
952 913 1199 977 protinus
1234 924 1392 978 atque

54 985 442 1042 eonsummatos
503 1000 723 1055 putent:
782 1000 863 1047 et,
917 988 1015 1038 nifi
1070 991 1130 1039 in
1190 993 1391 1050 ceteris,

57 1073 190 1130 quae
225 1081 352 1114 mox
386 1065 754 1132 praecipienda
783 1065 927 1125 sunt,
989 1067 1391 1128 elaboraverint,

57 1151 260 1192 mutam
282 1141 548 1206 quandam
569 1139 839 1192 scientiam
862 1141 1165 1194 consecutos
1193 1146 1392 1194 intelli-

55 1227 194 1283 gant.
235 1256 249 1271 -,
271 1220 466 1283 Neque
502 1221 645 1268 enim
671 1220 871 1269 artibus
904 1219 1065 1288 editiq
1081 1219 1281 1272 factum
1301 1221 1482 1281 est,120

55 1303 118 1342 ut
148 1305 449 1360 argumenta
486 1297 879 1345 inveniremus:
946 1296 1038 1346 sed
1086 1297 1224 1348 dicta
1269 1297 1393 1348 sunt

55 1371 258 1430 omnia,
315 1381 595 1439 antequam
636 1375 1089 1440 praeciperentur:
1158 1393 1286 1427 mox
1331 1393 1392 1426 ea

137 1522 234 1573 quod
252 1521 333 1573 refi-
390 1525 516 1562 Turio.
538 1526 670 1576 Camp.
696 1529 780 1576 quia
799 1543 829 1563 r.
852 1539 938 1563 cum
961 1527 1062 1564 Alm.

150 1594 240 1631 ¹¹9·
270 1585 405 1636 alioqui
426 1606 477 1614 ——
501 1587 594 1623 trad.
654 1589 780 1624 Turio.
812 1590 940 1638 Camp.
972 1590 1132 1639 alioquin
1158 1592 1250 1627 inter
1276 1601 1392 1628 cetera

54 1653 128 1676 non
149 1639 358 1691 addidnffem
378 1655 462 1678 cum
484 1642 592 1680 Bodl.
615 1645 732 1681 Andr.
791 1645 861 1680 Sed
880 1645 979 1682 Alm.
1001 1647 1075 1681 alio
1095 1661 1178 1683 num
1199 1650 1221 1683 i.
1244 1663 1273 1683 c.
1297 1662 1332 1683 n.
1352 1662 1390 1684 a.

53 1695 120 1743 (cf.
140 1695 160 1740 §
186 1695 274 1732 116.
297 1698 318 1742 ᾗ
338 1701 447 1747 124).
475 1700 521 1733 In
539 1700 613 1736 istis
633 1702 792 1751 alioquin
814 1702 904 1737 incer
923 1714 1038 1738 cetera
1061 1703 1146 1739 adds
1169 1703 1266 1740 nihil
1283 1703 1392 1739 aliud.

52 1751 122 1788 nist
148 1750 291 1801 recepta
315 1753 424 1795 latet,
463 1756 526 1791 cui
551 1769 660 1798 mox,
689 1758 888 1793 sententiae
922 1760 1045 1800 causa,
1084 1759 1219 1808 aliquis
1247 1760 1292 1796 de
1323 1762 1390 1796 suo

53 1807 275 1857 interposuit
294 1823 366 1847 non
387 1812 465 1860 post
488 1824 614 1849 cetera.
850 1829 893 1850 ne
915 1814 959 1865 se
979 1837 1035 1843 —
1053 1815 1148 1865 perf.
1179 1827 1276 1865 prot.
1330 1817 1391 1853 Sic

52 1861 180 1914 Turio.
211 1866 340 1916 Camp.
372 1881 455 1903 cum
484 1867 584 1905 Alm.
613 1871 754 1922 Regius
774 1873 937 1907 correxit
954 1886 997 1907 ne
1013 1871 1051 1921 si
1074 1873 1160 1922 quid
1179 1883 1247 1909 cet.
1267 1872 1392 1921 (quod.

55 1919 104 1955 'est
123 1920 162 1955 in
179 1921 274 1961 Jens.
296 1923 383 1968 (tac.
400 1925 526 1969 Gesn.)
548 1936 582 1963 et
602 1928 737 1976 Tarv.)
756 1929 797 1963 in
816 1942 858 1963 ne
870 1926 909 1976 si
927 1931 997 1978 qui.
1018 1939 1054 1964 et
1071 1930 1117 1964 fic
1134 1942 1226 1965 mox
1245 1941 1388 1969 omnes.

55 1975 165 2011 etia‘m
195 1979 324 2020 MSS..
359 1981 411 2016 ita
439 1991 482 2016 ut
511 1983 589 2030 post
616 1982 796 2031 perfectos
826 1985 986 2020 inserant
1009 1984 1073 2034 se,
1103 1985 1204 2033 quod
1227 1984 1322 2021 abest
1342 1985 1388 2020 ab

55 2029 126 2073 11⁸⁴,
151 2045 244 2082 quos
266 2035 465 2088 defiguavi.
527 2040 617 2087 Quis
639 2040 733 2074 ferat
753 2039 820 2089 „si
838 2041 905 2088 qui
928 2060 983 2068 ·—-
999 2041 1039 2091 si
1057 2061 1114 2070 -—
1134 2041 1390 2094 negligant?“

84 2111 202 2139 ‘22o.
230 2105 355 2155 Neque
381 2120 438 2142 στι.
495 2108 556 2143 Sic
588 2109 713 2146 Guelf.
744 2109 871 2159 Camp.
902 2111 1016 2147 Tarv.
1085 2110 1239 2160 Reliqui
1263 2126 1326 2148 nec
1357 2125 1389 2147 e.

57 2155 230 2204 ⁸1.§51.

87 2292 212 2346 5apud
250 2293 400 2344 Amphio
437 2300 553 2348 aequi.
618 2299 694 2336 Ne·
810 2312 903 2348 119.
933 2300 1085 2335 inutiles.
1117 2299 1162 2336 cf.
1184 2300 1206 2345 ᾗ
1228 2306 1298 2346 85.

57 2356 129 2402 (lue
176 2349 273 2385 enim
324 2352 548 2403 lingularum
602 2355 694 2390 civi·
805 2367 940 2392 mutam
983 2376 1040 2385 -—
1072 2356 1272 2405 scientiam.
1330 2358 1393 2393 An
1429 2350 1437 2357 ¹

57 2410 182 2440 tatium
210 2405 288 2451 juri
326 2407 483 2448 astricti,
530 2412 692 2459 propriis
749 2413 943 2447 mutilam?
978 2415 1195 2462 Quanquam
1210 2425 1308 2449 muta
1321 2414 1393 2449 effe

56 2455 199 2508 legibus
237 2463 560 2512 Amphictyonicis
596 2467 694 2514 judi-
749 2468 876 2516 potest,
908 2482 1012 2517 quae,
1035 2469 1165 2505 multis
1186 2470 1393 2519 praeceptis

58 2513 204 2555 abant,
263 2531 355 2565 qnae
388 2522 553 2568 profecto
575 2525 698 2571 aequi·
751 2523 931 2571 loquendi
955 2525 1099 2564 onusta,
1133 2526 1231 2574 loqui
1249 2527 1395 2566 nesciat,

58 2569 143 2620 tatis
198 2574 427 2620 potiffimum
497 2580 697 2626 sequendae
751 2593 819 2616 nec
838 2582 1037 2631 loquentem
1050 2581 1190 2630 facero.

59 2625 200 2674 copiam
246 2629 418 2667 facerent.
475 2634 554 2670 vid.
603 2637 698 2671 Dio-

59 2681 137 2728 nys.
165 2682 284 2720 Halic.
305 2689 350 2724 R.
372 2690 461 2726 Aut.
483 2697 523 2738 4.
554 2691 639 2733 Vol.
656 2702 692 2728 2.
813 2702 901 2727 120.
942 2694 1067 2743 Neque
1104 2697 1197 2730 enim
1242 2694 1391 2730 artibus.

60 2747 98 2785 p.
122 2747 198 2782 702
219 2740 307 2778 Rsk.
474 2738 478 2743 '
752 2747 798 2783 cf.
827 2758 863 2789 2,
888 2758 924 2795 5,
951 2758 1013 2797 ²4·
