1644 2964
350 173 834 224 ARGUMENTUM
875 171 1054 218 ΜΒΝ
1088 171 1148 214 v,
1299 179 1419 229 ,173

139 302 231 344 inter
252 302 297 355 fi·
325 302 570 346 contendenda
598 318 652 329 —·
685 309 749 346 37.
793 298 834 335 Si
862 313 934 348 qua
963 296 1182 347 defecerint,
1211 293 1422 345 requirenda

137 392 196 405 —-
223 375 266 412 G.
286 380 328 420 8.
373 370 592 421 Artificiales
610 371 840 422 probationes
857 369 969 416 vulgo
987 368 1126 416 negligi
1152 382 1209 393 ——
1238 371 1278 413 4.
1321 365 1422 401 Com·

137 447 259 480 munia
277 447 313 480 in
330 445 429 480 omni
445 453 734 490 argumentorum
756 452 884 490 genere
915 457 968 467 —
1001 439 1039 474 C.
1063 450 1100 486 9.
1141 437 1252 485 Signa
1273 435 1426 484 differre

136 515 186 551 ab
221 515 437 564 argumentis
465 530 521 540 --
550 520 587 557 5.
627 513 742 560 Signa
778 510 827 546 ad
865 518 1060 558 praecepta
1096 508 1187 543 artis
1227 520 1274 542 an
1310 506 1422 554 perti·

136 595 246 622 mant
270 603 327 613 -—
353 590 392 630 8.
421 596 492 619 non
510 581 722 633 neceffaria,
754 582 877 617 ceteris
896 579 1090 624 adjuncta,
1118 576 1237 612 valere
1265 593 1322 624 e-
1358 583 1421 609 12.

136 656 307 706 Aliquam
337 653 495 704 speciem
525 652 644 702 signis
680 653 825 701 proprie
858 662 929 686 non
950 646 1150 698 subjectam
1168 671 1179 686 ,
1237 656 1277 681 ut
1310 644 1422 694 signa

135 725 364 763 tractandam
392 745 446 752 —
480 731 543 767 15.
602 720 835 771 Prognostica
863 737 916 748 -—-
948 718 988 754 C.
1014 730 1075 752 ιο.
1138 717 1358 754 Graecorum
1386 725 1424 751 et

138 795 355 834 latinorum
381 796 474 831 ratio
501 795 539 829 in
564 790 835 828 denominandis
863 790 1083 838 argumentis
1112 807 1166 815 -
1209 799 1247 836 9.
1281 806 1282 809 ¹
1308 786 1347 822 V
1343 798 1423 822 oca·

137 865 215 902 buln·
258 866 350 901 varii
391 862 624 913 significatus
665 881 720 890 ——-
764 874 827 896 11.
888 860 1067 908 Oportere
1107 857 1178 910 aeffe
1216 856 1354 905 aliquid
1386 857 1426 891 in.

136 934 247 986 causa
294 934 390 984 quod
434 934 644 983 probatione
692 944 763 967 non
808 941 928 979 egeat·
954 948 1010 958 ——-
1062 937 1125 973 ²5·
1195 926 1427 963 credibilium
1446 957 1454 965 ,

138 1019 272 1056 genera
298 1025 354 1033 —
385 1013 450 1039 20.
479 1004 779 1052 Argumentorum
804 1002 873 1037 loci
901 1017 956 1030 ——-
988 1009 1054 1045 23.
1093 999 1126 1034 A
1154 995 1330 1047 persona,
1359 1009 1426 1044 per

142 1087 255 1112 certas
296 1074 437 1124 species
465 1092 520 1100 --
559 1081 625 1116 52.
683 1073 718 1107 A
764 1070 868 1107 rebus
896 1091 946 1105 -ψ
988 1079 1054 1115 33.
1114 1068 1240 1119 Quare
1286 1064 1427 1115 aliquid

134 1144 280 1203 sacqm
305 1143 359 1192 sit
389 1160 443 1171 —
472 1151 537 1186 57.
601 1141 669 1176 Ubi
691 1159 744 1168 -—
774 1147 842 1187 42.
904 1139 1060 1191 Quando
1088 1157 1143 1165 —
1171 1143 1239 1185 49.
1298 1135 1428 1171 Facul-

145 1225 237 1250 tates
265 1211 430 1262 faciendi
457 1231 512 1240 —-
547 1219 614 1255 52.
672 1209 835 1248 ssIoclus,
876 1210 1012 1258 triplici
1039 1204 1243 1258 quaestione
1270 1223 1326 1233 ——
1357 1212 1426 1253 64.

90 1296 97 1303 “·
143 1285 239 1320 Daci
255 1292 465 1331 argumenta
484 1295 532 1316 eoo
543 1279 739 1329 finitione,
788 1292 853 1326 per
881 1292 1034 1327 genera,
1065 1276 1225 1326 species,
1257 1276 1428 1326 differen-

142 1356 215 1392 cia,
242 1355 391 1402 propria
419 1370 474 1379 —
504 1348 571 1386 62.
631 1349 805 1384 Ciceronis
835 1346 1009 1398 diffensus
1038 1366 1090 1374 —-
1120 1345 1189 1390 63.
1239 1343 1426 1394 Divisiono

142 1423 310 1469 adjuvari
340 1421 546 1471 finitionem
590 1437 645 1447 -—
690 1427 756 1462 7¹·
815 1419 1038 1465 Argumenta
1069 1430 1119 1452 ex
1151 1417 1275 1454 initio,
1318 1417 1428 1451 incre-

114 1504 117 1508 '
143 1503 280 1532 mento,
303 1490 444 1541 summa
471 1509 527 1520 -—
559 1497 625 1534 ¹73.
672 1488 732 1523 Ex
753 1485 993 1536 dilliniilibus,
1023 1488 1234 1525 contrariis,
1262 1499 1428 1535 pugnan-

144 1563 238 1599 tibus
270 1560 556 1611 consequentibus
585 1577 640 1586 -—
682 1566 746 1602 ¹75.
808 1555 1067 1606 Consequentia
1093 1567 1130 1592 et
1153 1555 1341 1606 sequentia
1368 1574 1428 1586 -—

145 1638 212 1678 80.
241 1632 512 1680 Argumentatio
540 1644 564 1666 a
593 1627 708 1677 causis
739 1647 792 1655 ——
828 1626 896 1672 86.
926 1630 1066 1673 mnjora
1094 1640 1143 1662 ex
1170 1626 1364 1662 minoribus
1389 1639 1426 1663 ec

143 1700 287 1751 viciffim
324 1715 380 1730 -
410 1713 475 1749 90.
509 1701 610 1736 nimis
638 1698 702 1733 hoc
723 1695 840 1747 senari
869 1699 904 1733 in
928 1695 1069 1746 species
1098 1715 1153 1724 —
1186 1705 1253 1744 92.
1294 1697 1426 1732 Exem-

142 1772 228 1822 pla,
269 1784 346 1806 cum
372 1771 632 1806 enumeratione
663 1769 820 1803 Iocorum
848 1767 1168 1815 argumentationis
1197 1785 1250 1794 ·—
1282 1774 1348 1815 95.
1390 1766 1428 1802 A

136 1840 292 1891 fictione
325 1852 463 1890 quoque
505 1837 587 1873 duci
616 1847 827 1886 argumenta
858 1855 912 1864 ——
946 1849 1034 1873 ιοο.
1086 1836 1161 1872 Nec
1182 1834 1362 1887 sufficere·
1389 1849 1426 1874 et

143 1923 268 1947 nocere
289 1911 429 1945 nimiam
447 1918 717 1956 praeceptorum
729 1905 1020 1956 superstitionem
1040 1926 1094 1934 ——
1128 1912 1219 1954 104.
1249 1908 1428 1955 exemplis

141 1980 317 2029 probatur
342 1997 397 2005 -—
435 1989 524 2024 109.
558 1979 668 2014 Caute
691 1975 904 2025 versandum
924 1979 959 2013 in
978 1975 1216 2026 proponendo
1245 1996 1299 2004 —
1335 1988 1429 2026 119.

90 2063 95 2067 ·
134 2044 194 2085 ‘Et
211 2057 480 2094 praeceptorum
498 2056 533 2081 et
554 2057 737 2082 oratorum
755 2049 907 2094 propria
929 2048 1067 2081 utilitas
1098 2065 1152 2073 —
1187 2055 1276 2082 122.
1315 2047 1431 2082 Exer-

147 2118 315 2153 citatione
342 2116 534 2161 plurimum
561 2114 694 2163 profici
722 2133 778 2142 —
809 2116 847 2150 C.
875 2129 936 2150 11.
980 2115 1234 2163 Exemplorum
1256 2115 1430 2166 extrinse-

149 2199 211 2222 cus
230 2185 465 2220 adductorum
484 2186 583 2219 varia
601 2186 803 2232 appellatio
832 2195 867 2220 et
888 2184 1018 2234 finitio
1049 2204 1104 2212 —
1134 2184 1172 2220 6.
1213 2187 1431 2235 Exemplum

108 2262 111 2264 ’
148 2256 295 2304 proprie
325 2263 509 2292 vocatum.
540 2252 680 2301 simile,
718 2253 902 2303 diffimsse,
931 2256 1167 2294 contrarium,
1207 2269 1257 2290 ex
1289 2258 1432 2302 major-i-

150 2325 216 2360 bus
231 2323 280 2359 ad
298 2324 432 2358 minora
451 2332 486 2357 et
505 2321 649 2371 viciffim
673 2342 727 2350 --
758 2333 819 2367 17.
860 2325 973 2359 Ratio
995 2337 1135 2364 eorum,
1166 2339 1255 2374 quae
1278 2339 1327 2361 eac
1346 2331 1432 2374 po&-

149 2395 227 2429 ticis
262 2391 403 2440 fabulis
450 2392 626 2427 ducuntur
655 2413 709 2420 ——
747 2406 808 2442 19.
854 2395 1020 2430 Fabellaa
1057 2392 1239 2444 ‘Aesopiae
1268 2414 1324 2422 --
1363 2404 1431 2431 22.

151 2462 353 2499 Similitudo
379 2481 435 2490 --
466 2462 530 2497 26.
591 2463 702 2498 Caute
729 2465 765 2497 in
790 2477 834 2498 ea
858 2462 1069 2513 versandum
1099 2483 1154 2491 ——
1184 2473 1251 2507 50·
1312 2465 1433 2499 Nimia

150 2533 275 2568 harum
302 2545 416 2567 rerum
443 2534 591 2581 partitio
618 2550 673 2558 -—-
704 2541 770 2576 52.
810 2534 905 2569 Juris
924 2532 1128 2581 similitudo
1157 2553 1210 2560 --
1242 2539 1307 2581 34.
1336 2536 1434 2568 Ana-

155 2602 253 2649 logia
286 2620 338 2628 —
370 2601 434 2644 36.
476 2603 678 2637 Auctoritas
706 2623 761 2629 —
791 2610 857 2650 42.
902 2604 1060 2638 Deorum
1088 2622 1143 2630 —
1174 2609 1240 2650 43.
1283 2603 1433 2641 Judicis.

153 2670 371 2720 adversarii,
405 2675 545 2721 agentis
580 2685 629 2708 ex
667 2670 820 2722 diverso.
873 2673 985 2710 Male
1022 2673 1108 2709 haec
1143 2671 1433 2721 inartificialibus
