1644 2964
11 1638 29 1654 μ
80 1593 195 1629 Male.

8 2292 16 2301 .
85 2277 208 2303 tamen
256 2269 375 2316 ipsum
427 2269 516 2304 ferri
567 2280 722 2318 poterat,

328 147 491 194 INST.
530 147 807 193 ORATOR.
844 148 965 192 Lm.
985 147 1078 204 Ἦ,
1111 154 1142 205 4
1310 147 1407 205 657

76 273 146 327 fic
201 275 391 324 acriter
443 271 751 341 propulsare
807 272 1103 338 oportebit:
1170 281 1221 320 et
1265 271 1408 337 ipso-

74 369 196 402 rum
231 351 539 417 improbitas
574 348 934 406 retundenda,
998 360 1050 397 et
1082 348 1284 408 iudices
1317 350 1408 397 vel

73 427 423 496 praefidentes
462 425 789 492 magistratus
819 425 1119 492 appellandi
1154 423 1407 488 frequen-

72 514 180 564 ter,
227 515 290 555 ut
320 503 583 573 loquendi
620 505 761 553 vices
793 501 1085 551 serventur.
1173 503 1304 551 Non
1332 500 1408 550 est

73 598 157 632 res
192 581 357 630 animi
385 583 629 642 jacentis,
702 590 752 628 et
783 580 963 629 mollis
989 578 1145 645 supra
1177 579 1408 628 modum

72 657 292 716 frontis,
331 657 574 723 fallitque
603 657 949 723 plerumque,
998 656 1146 722 quOd
1172 653 1407 720 probitas

73 746 322 793 vocatur,
362 752 497 800 quae
529 733 601 782 est
630 734 974 783 imbecillitas.
1022 742 1028 752 '
1054 734 1205 783 Valet
1230 744 1407 782 autem
1423 762 1470 790 12

40 868 43 870 ,
74 812 135 879 iii
159 813 492 877 altercatione
515 812 811 878 plurimum
835 829 1070 869 acumen,
1123 810 1272 877 quod
1302 809 1410 859 fine

74 888 246 938 dubio
289 905 353 936 ex
391 900 500 937 arte
541 905 653 937 non
695 890 843 937 venit
876 890 1093 952 (natura
1123 889 1266 936 enim
1297 906 1411 937 non

77 964 321 1038 docetui)
349 976 456 1013 arte
479 977 651 1013 tamen
675 965 968 1025 adiuvatur.
1046 968 1108 1014 In
1133 983 1238 1030 qua
1260 982 1407 1031 prae·
1424 993 1474 1030 ¹5

77 1049 301 1108 cipuum
332 1041 430 1100 est,
470 1042 674 1108 semper
699 1042 797 1090 id
783 1061 841 1091 in
877 1043 1046 1092 oculis
1082 1042 1302 1100 habere,
1344 1042 1411 1091 de

79 1136 190 1185 quo
240 1121 540 1184 quaeritur,
606 1130 659 1168 et
698 1120 846 1186 quod
886 1121 1139 1170 volumus
1181 1118 1413 1169 efficere:

81 1255 168 1305 (tac.
183 1257 309 1306 Gesn.)
330 1257 458 1306 Camp.
484 1270 568 1292 cum
591 1258 691 1295 Voss'.
711 1269 748 1294 2.
773 1258 849 1295 Bal.
873 1259 987 1295 Andr.
1046 1260 1106 1293 Ex
1136 1257 1236 1294 Alm.
1268 1258 1415 1295 nonnifi

83 1313 270 1362 considunt
292 1324 530 1349 memoratur.
550 1327 596 1349 ex
616 1314 723 1350 Bedl.
748 1318 784 1351 ἱη
803 1317 971 1351 tumultu.

159 1368 227 1417 sic.
287 1371 410 1405 Guelf.
438 1369 518 1418 sed.
582 1370 691 1406 Male.
971 1371 1120 1419 improb.
1150 1382 1216 1406 ret.
1285 1371 1415 1406 Turic.

81 1427 120 1471 (a
138 1437 194 1473 pr.
215 1430 344 1468 manu)
374 1426 600 1473 improbitate
628 1427 903 1466 retundendum,
942 1439 1029 1462 cum
1063 1426 1163 1461 Alm.
1196 1439 1242 1461 ex
1264 1439 1340 1473 quo
1365 1437 1418 1462 ta-

80 1494 166 1516 men
195 1481 459 1516 retundendam.
739 1481 992 1531 praefidentes.
1050 1483 1176 1520 Turic.
1196 1481 1416 1532 poffi'dentis,

48 1548 54 1549 ⁷
80 1550 101 1572 a
121 1538 183 1574 [ec.
202 1549 314 1572 manu
333 1536 529 1586 pot-§statas
547 1536 646 1573 Alm.
667 1537 891 1587 poffidences.
922 1538 1047 1579 Guelf.
1069 1540 1198 1587 Camp.
1219 1540 1414 1576 omittunt.

476 1596 579 1629 vices.
638 1596 764 1630 Turic.
784 1607 899 1630 voces.

168 1650 263 1684 Non.
321 1649 381 1684 Sic
409 1650 534 1685 Turic.
565 1647 606 1700 (a
629 1663 686 1698 pr.
710 1653 841 1698 manu)
873 1663 956 1686 cum
992 1649 1074 1686 edd.
1105 1660 1186 1685 ante
1217 1649 1415 1687 Ald.‘'exc.

82 1706 213 1754 Camp.
273 1704 426 1754 Reliqui
444 1708 538 1741 Nam
559 1717 594 1741 et
612 1710 658 1742 fic
679 1707 841 1742 correxit
864 1707 1016 1757 Regius.
1084 1707 1129 1742 cf.
1152 1706 1190 1746 6,
1211 1717 1247 1751 3,
1273 1720 1288 1741 1
1303 1721 1316 1741 ι
1330 1718 1363 1741 ι’.

165 1762 382 1811 plerumque.
440 1763 567 1797 Turic.
607 1777 628 1798 a
664 1776 720 1811 pr.
763 1776 878 1798 manu
916 1763 1127 1812 ferrumque
1175 1776 1263 1797 cnm
1313 1763 1414 1800 Alm.

81 1816 148 1866 (cf.
173 1831 233 1852 10.
251 1820 340 1865 19).
398 1818 467 1853 sed
499 1818 562 1853 ille
591 1833 610 1854 a
640 1822 704 1855 fec.
734 1833 855 1856 verum
887 1831 924 1854 et
955 1822 1001 1855 [ie
1029 1820 1152 1859 Guelf.
1185 1821 1300 1855 Goth.
1322 1820 1414 1866 (err.

82 1875 210 1916 Getn.)
231 1875 360 1922 Camp.
383 1887 468 1909 cum
491 1876 589 1912 voff.
616 1886 652 1911 2.

171 1940 233 1974 13·
265 1932 438 1966 volumus·
478 1933 574 1970 Jens.
595 1934 790 1973 voluimus,
819 1945 990 1968 meorum
1010 1931 1130 1971 solus,
1161 1931 1265 1980 quod
1284 1933 1416 1970 inven-

84 1996 166 2023 tum
190 1987 353 2022 con-exit
377 1987 529 2038 Regius.

141 2099 226 2135 Non
245 2097 296 2148 eft
315 2113 370 2135 res
383 2098 591 2149 —frontis.
623 2103 723 2150 Quae

83 2154 146 2191 hic
167 2155 306 2191 dicitur
325 2169 379 2191 res
399 2169 438 2192 ea
459 2169 533 2191 non
570 2158 722 2205 quidem

84 2211 252 2247 universa
279 2212 327 2246 est
358 2213 578 2261 eloquentia,
620 2213 722 2261 quod

778 2101 822 2136 ad
846 2100 955 2149 fallit
986 2101 1050 2145 (cf.
1079 2101 1100 2145 ὖ
1125 2114 1162 2150 9.
1193 2112 1270 2137 not.
1302 2103 1420 2147 crin).

778 2159 816 2193 Si
854 2158 976 2192 minus
1016 2159 1209 2198 sententia,
1255 2172 1348 2206 quae
1376 2160 1418 2195 iu.

777 2224 919 2262 recepta
939 2214 986 2248 est
1007 2227 1122 2262 prope
1144 2215 1290 2254 eadem,
1321 2229 1418 2251 com-

778 2271 910 2319 pofitio
932 2281 1053 2305 tamen
1074 2271 1145 2305 hoc
1165 2271 1319 2322 flagitat.

84 2321 144 2360 fed
164 2324 288 2372 potins
308 2326 504 2360 altercandi
521 2340 590 2365 ars,
611 2339 720 2374 quam

86 2384 195 2431 negat
215 2381 365 2432 aggredi
385 2380 514 2416 debere
535 2395 632 2421 eum,
657 2383 723 2430 qui

85 2436 246 2471 nimium
279 2438 510 2472 verecundus
543 2440 586 2473 fit
615 2449 651 2474 et
680 2439 724 2473 ti-

84 2492 224 2528 midus.

141 2547 323 2598 fallitque.
355 2549 402 2588 cf,
426 2560 462 2589 2,
489 2560 550 2590 12,
572 2559 607 2594 3.
647 2552 726 2586 Ma·

87 2601 155 2640 lim
187 2605 266 2639 sano
295 2605 332 2639 h.
364 2605 388 2640 1.
419 2609 631 2655 transposita
662 2606 725 2641 illa

91 2661 185 2709 quo!
212 2662 290 2708 pler
274 2676 434 2711 rumque,
476 2674 534 2697 ut
548 2663 726 2711 poltelior

38 2734 41 2736 ·
91 2726 171 2752 vox
189 2717 369 2754 referatur
387 2718 431 2755 ad
451 2731 619 2761 vocatur,
648 2731 727 2754 non

842 2393 904 2418 12.
934 2395 1063 2419 natura
1086 2402 1137 2409 -
1159 2396 1229 2418 non
1260 2384 1418 2420 docetur.

780 2440 866 2474 Hoc
884 2440 1128 2485 interficitur,
1174 2453 1220 2474 ne
1240 2441 1322 2487 quis
1345 2454 1421 2476 cre-

780 2495 843 2530 dat
870 2497 1063 2541 adjuvatur
1096 2497 1252 2543 spectare
1281 2496 1325 2530 ad
1358 2512 1421 2531 na-

781 2563 908 2587 turum.
968 2552 1216 2587 Referendum
1255 2553 1303 2587 est
1340 2565 1425 2587 ver·

781 2607 873 2642 bum
895 2607 939 2642 ad
960 2622 1116 2643 acumen.
1166 2608 1213 2642 cf.
1236 2607 1272 2646 6,
1296 2617 1333 2652 3,
1359 2619 1424 2648 12,

784 2663 841 2698 Ad
867 2662 949 2712 sine
978 2665 1087 2700 dubio
1116 2664 1261 2713 respicit
1292 2675 1422 2701 tamen.

783 2720 830 2756 cf.
854 2720 891 2760 6,
920 2730 957 2761 2,
983 2728 1043 2768 ²³1·
