1560 2950
168 189 262 221 ιω
471 178 551 224 ·M.
584 180 716 225 ΕΑΒ.
753 175 1160 242 ρυἸΝΤΙΠΑΝῙ
1216 188 1223 198 ’

165 300 320 349 alicui
351 302 428 350 rei
456 303 749 362 cohaeream
807 315 896 353 aut
928 316 1277 369 argumento(
1306 304 1481 372 'quod‘

166 374 226 423 fit
256 377 313 424 in
351 377 521 434 causa,
578 377 924 434 confirmetur.
1026 383 1324 444 Namquae
1360 389 1483 431 tota-

165 461 304 499 extra
342 463 451 500 rem
490 455 646 517 petita
674 453 815 511 sunt,
874 457 1170 504 >mentiendi
1204 459 1466 505 licentiam

101 543 151 579 90
165 528 408 591 produnt.
494 529 798 577 Curandum
826 532 1123 595 praecipue,
1171 532 1342 597 (quod
1370 530 1552 586 fin-542

164 604 401 667 gentibus
440 604 740 666 frequenter
778 605 990 667 accidit)
1022 623 1088 654 ne
1118 624 1216 670 qua
1251 609 1387 656 inter
1415 606 1486 661 se,j

163 690 410 742 pugnent.
473 679 726 742 quaedam
760 681 901 726 enim
928 681 1158 744 partibus
1191 682 1466 731 blandiun-

163 763 279 810 tur,
329 753 415 800 sed
444 756 500 800 in
530 753 780 802 summam
804 771 913 801 non
934 754 1272 804 consentiunt.
1322 773 1467 821 prae-

163 838 323 884 terea,
371 846 438 876 ne
471 830 559 885 iis,
613 845 745 892 quae
779 846 898 876 vera
928 828 1023 877 effe
1055 830 1329 888 constabit,
1378 830 1476 878 ad-

100 915 149 952 9ι
170 894 307 951 versa
348 903 470 951 fint:
531 906 587 951 in
621 903 792 952 schola
825 906 1003 961 etiam,
1053 923 1119 953 ne
1151 907 1298 954 color
1329 917 1467 954 extra

161 979 382 1026 themata
409 989 694 1043 quaeratur,
772 980 1063 1043 Utrobique
1091 991 1261 1028 autem
1292 991 1466 1029 orator

160 1052 446 1102 meminisse
470 1045 678 1100 debebit
697 1055 896 1102 actione
919 1065 1047 1111 tota,
1096 1057 1225 1119 quid
1247 1054 1466 1112 finxerit,

161 1131 412 1193 quoniam
452 1128 619 1177 solent
657 1128 917 1186 excidere,
982 1146 1112 1193 quae
1159 1130 1278 1178 falsa
1316 1129 1464 1180 sunt:

82 1199 86 1207 ‘
158 1202 452 1268 verumque
494 1203 564 1250 est
609 1203 771 1260 illud,
851 1205 996 1268 quod
1045 1206 1206 1270 vulgo
1256 1199 1464 1264 dicitur,

97 1279 460 1334 92mendacem
501 1295 787 1326 memorem
834 1278 929 1326 else
975 1290 1227 1343 oportere.
1310 1283 1464 1330 -Scia-

158 1371 274 1403 mus
316 1365 521 1411 autem,
586 1353 622 1400 fi
665 1353 729 1400 de
774 1353 948 1402 nostro
998 1353 1133 1403 facto
1173 1366 1464 1420 quaeratur,

157 1447 327 1478 unum
364 1430 515 1478 nobis
563 1428 763 1491 aliquid
804 1427 898 1476 effe
937 1429 1244 1486 dicendum:
1321 1428 1358 1477 fi
1397 1430 1462 1478 de

159 1506 357 1563 alieno,
387 1507 592 1553 mittere
608 1503 666 1551 in
685 1504 934 1569 plurimas
955 1503 1269 1570 suspiciones
1291 1506 1458 1559 licere.

242 1675 335 1725 quod
347 1673 400 1724 sit
417 1678 452 1710 in
471 1673 590 1724 causa.
627 1675 751 1710 Turio.
774 1675 914 1711 omittit
926 1673 979 1724 sit
998 1687 1079 1710 cum
1103 1673 1223 1711 Guelf.
1245 1673 1357 1711 Goth.
1376 1678 1460 1720 (tac.

159 1730 285 1779 Gesn.)
315 1730 412 1766 Alm.
444 1731 540 1771 Voss'.
577 1744 608 1765 1.
641 1740 675 1766 2.
710 1740 744 1774 3,
772 1733 880 1766 Bel-,n
913 1733 1038 1778 Camp.
1073 1731 1139 1779 qui
1166 1743 1246 1779 pro.
1265 1731 1372 1780 causa
1401 1734 1461 1766 dat

157 1786 281 1834 causis.
498 1785 733 1834 confirmetur.
773 1787 896 1821 Turio.
916 1785 1028 1834 confir
1030 1800 1168 1821 memur.
1209 1787 1327 1822 Guelf.
1347 1787 1459 1822 (aoth.

155 1838 244 1890 (tac.
267 1841 390 1887 Gesn.)
411 1840 648 1890 confir-‚matur
707 1842 832 1889 Camp.
846 1842 1028 1889 sir-matur.

236 1921 299 1957 9⁰·
323 1910 461 1944 accidi-t
516 1909 639 1944 Turic.
672 1909 793 1946 Guelf.
827 1910 923 1947 Voff.
957 1923 988 1944 1.
1022 1912 1129 1945 Beru.
1157 1910 1308 1948 excidit,
1353 1909 1410 1945 sed
1439 1923 1462 1944 a

153 1965 220 2000 sec.
241 1977 351 1999 manu
371 1965 535 1998 refictum
555 1964 599 1999 ad
618 1965 802 2000 nostram’
790 1978 828 1999 ιιι
852 1965 975 2000 Turio.

238 2033 408 2081 quaedam
431 2035 524 2068 onim
552 2043 647 2081 part.
700 2033 890 2069 Omittunt
920 2034 1008 2068 enim
1036 2032 1159 2068 Turio.
1192 2032 1314 2068 Guelf.
1345 2031 1462 2068 Goth.>

156 2089 238 2131 (tac.
258 2088 381 2131 Gesn.)
411 2089 536 2136 Camp.
567 2101 651 2123 cum
669 2087 776 2123 »Alm.
810 2088 904 2124 Voff.
927 2098 962 2122 2.
985 2097 1020 2131 3.
1078 2089 1213 2123 Narrat
1234 2090 1360 2123 Burm.
1382 2098 1419 2122 et
1439 2100 1461 2122 a

155 2141 278 2180 vallae
300 2143 390 2178 cod.
412 2142 541 2183 abeffe,
569 2143 668 2190 quod
688 2143 784 2178 unde
804 2144 982 2182 rescierit,
1009 2144 1144 2179 nescio:
1185 2145 1281 2191 apud
1303 2143 1459 2178 Badium

155 2197 252 2232 enim
273 2197 367 2232 nihil
387 2199 578 2244 ejusmodi.

237 2278 302 2314 91.
332 2267 415 2315 quid
430 2266 599 2315 finxerit.
657 2265 780 2314 Camp.
806 2266 899 2315 quod
923 2264 1026 2313 finx-
1082 2265 1127 2299 cf.
1149 2271 1187 2312 4,
1213 2278 1244 2304 1,
1266 2271 1331 2312 44.

239 2344 302 2382 92.
332 2335 466 2383 aliquid
485 2334 563 2384 effe.
593 2335 717 2370 Turic.
740 2336 892 2383 aliquem
914 2348 942 2368 e.
965 2345 1046 2367 cnm
1069 2333 1165 2367 Alm.
1189 2332 1282 2370 Vall.
1303 2346 1322 2368 a
1339 2333 1459 2380 prima

154 2401 265 2424 manu
295 2393 358 2436 (no
387 2390 455 2423 hoc
483 2389 630 2436 quidem
662 2390 706 2424 de
735 2388 828 2428 Vall.
860 2389 1037 2423 referente
1068 2388 1190 2433 Bqdio.
1246 2388 1290 2423 cf.
1324 2388 1344 2431 §
1373 2390 1458 2435 90.)

153 2443 275 2480 Guelf.
297 2445 392 2481 Voss'.
410 2458 441 2478 ι.
455 2454 491 2487 5.
510 2447 618 2479 Betn.
783 2447 871 2478 mitt.
892 2446 926 2478 in
941 2445 1108 2491 plurimas
1121 2441 1224 2490 susp.
1254 2443 1311 2477 Sic
1331 2443 1456 2478 Turio.

154 2500 280 2547 Camp.
303 2511 387 2535 cum
407 2499 504 2535 Alm.
538 2509 574 2534 et
594 2497 674 2535 edd.
695 2512 715 2534 a
733 2500 875 2535 Stoerio
907 2499 991 2534 inde
1020 2498 1142 2534 Guelf.
1166 2497 1305 2532 omittit
1324 2500 1359 2532 in
1378 2499 1457 2544 plu-

209 2659 274 2698 92.
302 2651 434 2686 mittere
463 2653 498 2686 in
526 2650 695 2698 plurimas
715 2648 777 2699 su·
831 2649 875 2685 cf.
894 2655 941 2696 4,
969 2657 1015 2693 5,
1045 2654 1106 2696 14.
1164 2657 1199 2693 7,
1229 2658 1265 2688 2,
1298 2657 1358 2683 12,
1417 2659 1455 2695 9,

144 2703 331 2755 spiciones.
416 2705 569 2756 Elegans
623 2705 773 2760 locutio.
833 2714 878 2745 2,
907 2713 969 2749 75.
