1644 2964
226 162 338 228 ἰ96
557 170 631 215 M.
659 172 789 216 FAB.
826 171 1234 233 QUINTILIANI

242 309 360 358 rpars
404 299 624 358 utraque
661 296 858 352 utitur,
924 295 1143 343 alterum
1177 292 1552 344 accusatoribus

247 379 447 417 tantum
491 367 780 418 concess'um
825 368 923 417 est:
994 369 1285 435 separemus
1321 362 1552 419 officium

193 462 240 487 ιο
252 443 418 492 dantis
458 445 632 501 testes,
694 455 744 494 et
787 443 1080 501 refellentis.
1172 447 1276 513 Qui
1317 445 1556 493 volanta-

249 523 378 568 rium
424 520 694 585 producit,
744 518 898 576 scire,
956 519 1087 584 quid
1122 523 1165 568 is
1205 520 1442 569 dicturus
1478 519 1554 576 fit,

248 592 442 659 potest:
509 595 738 657 ideoque
779 594 1068 643 faciliorem
1113 594 1324 644 videtur
1363 597 1421 643 in
1468 611 1555 644 ro-

250 669 420 734 gando
458 669 648 717 habere
688 671 954 718 rationem.
1054 670 1154 718 Sed
1183 661 1307 719 haec
1340 686 1555 736 quoque

250 759 366 808 pars
400 761 619 792 acumen
658 761 714 792 ac
759 746 1082 809 vigilantiam
1114 744 1307 810 poscit:
1377 747 1556 811 provi-

254 819 618 883 dendumque‚
665 837 731 867 ne
760 821 982 878 timidus,
1031 837 1098 868 ne
1132 817 1439 888 inconstans,
1486 837 1554 870 ne

197 895 543 956 nz'mprzzdens
570 888 710 962 testis
740 894 809 943 fit.
851 897 1126 943 turbantur
1144 897 1308 953 enim,
1355 906 1405 943 et
1423 913 1556 960 apa-

254 970 418 1018 tronis
450 969 678 1018 diversae
708 972 865 1034 partis
892 970 1190 1020 induuntur
1213 972 1271 1018 in
1293 972 1555 1035 laqueum,

511 1042 522 1069 1

333 1165 417 1200 pars
437 1162 594 1200 utraque.
647 1152 730 1186 Hoc
751 1150 880 1186 ordine
901 1152 1025 1187 Tui-ic.
1049 1149 1170 1186 Guelf.
1193 1151 1305 1187 Goth.
1324 1151 1410 1200 (tac.
1433 1150 1559 1200 Gesn.)

253 1207 381 1255 Camp.
405 1206 497 1244 Obr.
531 1205 679 1252 Reliqui
700 1221 735 1240 ιι.
757 1220 795 1253 p.
1029 1205 1301 1254 accusatoribux.
1353 1207 1447 1246 Jens.
1468 1206 1556 1257 (tac.

252 1264 378 1307 Gesn.)
397 1260 661 1308 excusatoribus
687 1274 771 1296 cum
789 1260 870 1295 edd.
891 1271 974 1295 ante
993 1261 1075 1297 Ald.
1096 1263 1300 1312 corrigente
1319 1262 1448 1313 Regio.

335 1352 394 1375 ιο.
422 1341 556 1375 volunt.
580 1340 753 1387 producit.
774 1338 779 1343 ”
810 1340 933 1375 Turic.
960 1341 1083 1375 inserit
1112 1355 1188 1376 cum
1216 1342 1315 1388 quod
1344 1341 1441 1377 Alm.
1463 1351 1559 1376 ante-

249 1396 363 1431 vertit
388 1395 438 1439 τεᾷ
467 1395 539 1429 vol.
578 1394 641 1438 (cs.
664 1395 684 1437 Β
706 1397 760 1442 2).
819 1396 858 1430 Si
897 1396 1009 1431 modo
1048 1408 1115 1444 pro
1156 1395 1257 1444 testes
1293 1397 1408 1442 «lancis
1437 1396 1558 1430 fuiss'et

249 1449 366 1498 testem
390 1451 425 1484 d.
447 1449 665 1496 interpreter
687 1464 783 1488 cum,
813 1464 901 1485 eum.
1119 1465 1160 1486 ac
1188 1452 1288 1498 vigil.
1345 1452 1404 1488 Sic
1431 1451 1558 1487 Turie-

251 1505 374 1541 Guelf.
398 1506 523 1552 Camp.
544 1517 628 1539 cum
648 1503 747 1539 Alm.
771 1504 854 1539 Ald.
894 1505 1043 1552 Reliqui
1062 1516 1097 1541 et
1115 1519 1149 1540 v.

340 1596 397 1617 ιι.
429 1584 630 1618 induuntur.
689 1584 813 1618 Turio.
846 1585 1042 1619 indicuntur
1071 1598 1089 1618 a
1119 1585 1180 1620 sec.
1206 1598 1314 1620 manu
1338 1586 1557 1624 inducuntur,

251 1648 287 1673 et
306 1640 351 1672 sic
369 1638 441 1672 mei
463 1638 614 1684 quidem
636 1648 671 1672 et
694 1639 814 1686 scripti
836 1648 871 1673 et
888 1641 1006 1674 excufi
1026 1640 1088 1684 (de
1108 1640 1220 1675 Goth.
1241 1642 1333 1678 Jens.
1356 1641 1557 1684 tameesn.)

250 1703 330 1728 ante
352 1692 603 1729 Obr..0mnes.
656 1693 869 1729 Gebhardus
891 1707 909 1728 e
931 1695 1020 1730 cod.
1040 1694 1199 1730 Palatino
1220 1695 1395 1742 produxit
1418 1697 1559 1730 induen-

251 1759 310 1783 tur
330 1748 427 1795 quod
451 1757 486 1782 et
508 1749 581 1794 ipso
603 1758 638 1782 et
657 1748 700 1781 ad
722 1751 842 1783 Senec.
864 1749 1011 1783 Hercul.
1032 1749 1213 1784 furentem
1235 1763 1271 1786 v.
1292 1761 1408 1794 1512.
1467 1751 1559 1787 Gro-

251 1804 386 1837 novius
434 1813 574 1836 mutare
623 1804 744 1837 suadet
790 1805 829 1837 in
872 1805 1071 1838 induuntur.
1141 1808 1221 1840 Hoc
1256 1805 1318 1840 vel
1357 1806 1396 1839 in
1433 1806 1558 1840 Turio.

250 1859 370 1906 prima
390 1870 500 1893 mauu
522 1857 619 1893 latet.
663 1858 708 1892 cf.
731 1868 766 1900 3,
786 1865 822 1902 8,
842 1867 906 1901 50.
926 1859 1014 1894 item
1033 1859 1306 1894 Drakenborch.
1325 1860 1367 1894 ad
1387 1861 1473 1895 Liv.
1494 1869 1557 1902 50,

257 1922 304 1956 13
318 1936 330 1952 ‚
363 1921 424 1947 12.
656 1915 692 1947 in
720 1913 892 1962 laqueum.
949 1914 1082 1949 Turic:
1096 1918 1130 1950 in
1152 1916 1243 1950 latus
1263 1927 1346 1949 cum
1365 1914 1437 1949 Pal.
1459 1914 1558 1963 quod
1609 1933 1637 1965 χ*

253 2074 409 2124 publicis
499 2075 649 2110 sortitur
722 2086 880 2124 praetor.
934 2102 955 2116 „
967 2076 1241 2126 comprehensa,
1293 2090 1364 2112 nee
1386 2077 1465 2113 satis
1493 2079 1560 2124 ufi-

256 2132 304 2168 cf.
324 2141 368 2174 5,
403 2142 474 2170 ιο,
507 2143 543 2169 ι.
934 2142 1051 2171 ‚,tata‚
1079 2132 1166 2178 justa
1187 2135 1364 2180 tamew‘)
1383 2142 1426 2167 ut
1445 2132 1479 2167 ei
1500 2132 1559 2167 de-

935 2188 1104 2222 fenfionis
1143 2190 1240 2222 causa
1280 2198 1430 2222 evocare
1458 2187 1558 2222 testes

311 2242 459 2276 alterum
487 2259 544 2269 —
570 2240 760 2291 concest'um
819 2239 880 2290 eft.
934 2242 1079 2281 liceret,
1139 2243 1238 2289 quod
1274 2255 1364 2277 mox
1399 2243 1559 2288 sequenti

256 2297 426 2343 Appofite
444 2295 658 2335 Turnebus,
700 2298 801 2343 cujus
821 2309 885 2331 no·
936 2299 1075 2336 senatu,
1132 2310 1215 2332 curn
1253 2297 1298 2332 de
1334 2297 1442 2332 rebus
1479 2296 1557 2331 aliis

257 2352 355 2385 mine
393 2351 474 2398 quis
507 2351 566 2385 hic
596 2351 744 2398 quidem
776 2351 883 2395 lateat
935 2353 1144 2391 referretur,
1165 2354 1236 2387 sera
1251 2362 1287 2386 et
1307 2352 1558 2399 intempestiva

256 2405 408 2455 ignoro,
449 2406 588 2453 profert
621 2404 742 2440 locum
773 2406 882 2440 Plinii
936 2408 1098 2441 oratione
1138 2406 1362 2455 improbavit
1391 2407 1557 2442 Licinius

258 2460 405 2507 Epistol.
428 2460 463 2499 6,
484 2469 519 2503 5.
549 2473 622 2507 quo
651 2461 802 2514 debebat
822 2462 882 2495 ad·
935 2463 1072 2509 Nepos.
1102 2462 1193 2499 Vide
1213 2472 1248 2496 et
1267 2463 1392 2497 Ascon.
1411 2461 1493 2496 Ped.
1518 2461 1558 2495 in

258 2516 367 2561 jicere
389 2525 425 2558 5.
447 2525 511 2550 20.
541 2515 605 2550 ubi
631 2516 671 2550 in
701 2518 796 2550 causa
828 2529 882 2550 re·
935 2517 1038 2553 Orat.
1071 2518 1146 2552 Cic.
1176 2517 1215 2550 in
1248 2517 1351 2555 Verr.
1386 2516 1431 2550 de
1457 2518 1559 2550 Prae-

259 2570 499 2617 petundarum
513 2595 535 2623 ,l
562 2571 587 2604 i.
618 2583 647 2604 e.
676 2571 714 2604 in
741 2571 880 2617 judicio
936 2581 1018 2605 tura
1034 2573 1122 2606 Urb.
1144 2585 1176 2619 p.
1201 2579 1250 2616 78
1272 2572 1335 2606 ubi
1355 2571 1459 2606 docet
1476 2570 1557 2604 nul-

260 2625 427 2671 publico,
463 2638 531 2672 pro
550 2626 693 2659 Vareno
713 2638 775 2659 reo
795 2626 882 2660 dici·
934 2625 988 2660 los
1043 2627 1147 2661 fuiss'e
1202 2627 1397 2662 defensoris
1444 2625 1557 2663 testes,

262 2689 323 2713 tur
343 2680 577 2728 impetratum
600 2685 697 2725 („res
717 2693 782 2715 nec
801 2679 880 2731 lege
934 2693 1050 2728 neque
1073 2683 1140 2716 effe
1162 2681 1329 2730 potuiffe.
