1560 2950
179 188 271 232 116
490 187 563 232 M.
600 189 729 234 FAB.
763 191 1171 251 QUINTILIAN1

90 321 349 359 momenta
373 309 645 359 ducentur.
723 314 815 360 Ne·
837 313 975 361 illud
1006 314 1225 377 quidem
1242 314 1484 379 ignorare·

176 397 404 451 oportet,
445 386 697 450 quaedam
722 387 841 443 effe,
885 405 1016 451 quae
1038 390 1249 439 colorem
1271 407 1381 439 non
1402 399 1482 438 re-

176 464 393 526 cipiant,
440 461 528 508 sed
554 472 757 511 tantum
793 463 1119 512 defendenda
1154 465 1262 512 [int.
1313 467 1480 529 qualis

175 537 246 585 est
282 539 371 585 ille
406 536 576 594 dives,
639 540 733 602 qui
765 537 979 586 statuam
1003 542 1243 604 pauperis
1275 541 1481 588 inimici

173 611 389 676 flagellis
426 613 611 661 cecidit
641 625 694 660 et
726 630 844 662 reus
879 613 950 660 est
981 616 1306 674 injuriarum.
1359 633 1480 664 narn

172 687 369 735 factum
421 691 532 747 ejus
573 688 869 742 modestum
915 686 1011 736 effe
1057 706 1212 739 nemo
1265 690 1479 739 dixerit:

88 762 403 819 amfortaffe,
455 774 515 810 ut
555 761 613 810 fit
647 774 849 821 tutum,
896 765 1165 814 obtinebit.
1254 765 1411 832 Quod
1442 765 1480 813 Γι

173 855 288 903 pars
324 837 658 902 expositionis
693 856 789 903 pro
823 840 1003 897 nobis,
1044 857 1158 904 pars
1183 851 1359 888 contra
1384 856 1482 889 nos

174 918 295 971 erit3
333 911 591 961 miscenda
614 913 674 961 fit
693 931 755 961 an
775 913 1051 978 separanda
1073 917 1322 972 narratio,
1360 931 1482 962 cum

171 988 279 1054 ipsa
341 987 515 1036 causae
575 989 875 1055 conditione
936 989 1332 1038 deliberandum
1394 988 1478 1036 est.

171 1065 310 1114 Nam
344 1063 380 1110 fi
414 1065 565 1127 plura
596 1063 743 1122 sunt,
789 1081 918 1127 quae
948 1075 1164 1122 nocent;
1204 1072 1560 1128 quae=>pro-5:34

171 1137 316 1196 sunt,
350 1140 656 1188 obruentur.
734 1143 911 1203 Itaque
934 1150 1060 1188 tunc
1085 1139 1322 1188 dividere
1348 1140 1482 1204 opti·

172 1288 296 1337 Steph.
330 1287 488 1324 Lubrica
526 1290 604 1324 sane
631 1288 826 1338 disputatio
854 1289 979 1324 critica
1007 1289 1051 1324 de
1082 1288 1235 1328 talibus,
1284 1301 1350 1326 nec
1375 1288 1482 1324 valde

171 1346 290 1380 miror
318 1344 455 1378 nnllam
477 1343 538 1378 hic
555 1349 703 1392 politam
730 1346 930 1379 Turicenlis
951 1345 1175 1379 varietatem.
1233 1345 1326 1380 Cum
1362 1355 1483 1379 tamen

170 1399 367 1447 repudium
387 1398 456 1433 hoc
468 1412 542 1433 non
560 1401 618 1434 liat
639 1401 677 1433 in
695 1399 848 1446 judicio,
869 1400 1003 1434 etiamsi
1024 1399 1199 1434 abdicatio
1219 1399 1299 1433 fieri
1315 1399 1479 1449 fingitur,

171 1454 296 1489 nullus
323 1453 545 1500 judiciorum
577 1455 667 1489 ordo
693 1455 754 1488 hic
785 1455 937 1504 cogitari
956 1455 1092 1501 potest,
1129 1463 1172 1489 ut
1192 1454 1293 1502 prius
1310 1454 1355 1488 de
1376 1466 1481 1501 repu-

171 1509 256 1548 dio,
303 1509 431 1543 deinde
466 1509 510 1543 de
550 1510 774 1544 abdicatione
809 1510 1010 1555 judicatum
1049 1510 1181 1549 fuerit,
1223 1521 1298 1556 quo
1336 1509 1481 1543 fortass‘e

172 1563 342 1600 defendat
363 1564 493 1610 aliquis
514 1565 628 1600 Codd.
650 1565 872 1612 scripturam.
903 1565 948 1598 cf.
971 1575 1006 1605 7,
1026 1571 1062 1611 4,
1087 1571 1149 1609 ¹53.
1182 1590 1184 1593 .

259 1632 345 1654 100.
378 1629 512 1654 tantum
541 1620 772 1666 defendenda.
826 1622 881 1653 Ita
917 1620 1040 1654 Turio.
1081 1619 1201 1655 Guelf.
1241 1617 1353 1654 Goth.
1393 1621 1477 1661 (tac.

171 1676 295 1718 Gesn.)
325 1686 409 1708 cum
441 1673 538 1709 Alm.
567 1675 664 1712 Vols.
691 1685 726 1709 2·
760 1684 795 1710 et
821 1673 962 1721 aliquot
991 1674 1072 1709 edd.
1129 1674 1278 1721 Reliqui
1307 1683 1421 1708 tamen
1441 1674 1477 1709 ιῑ.

170 1732 389 1773 cf.5,15‚
424 1742 484 1765 10.
719 1730 937 1768 cricdit,et.
994 1731 1051 1764 Ita
1079 1730 1205 1765 Turio.
1238 1730 1363 1776 Camp.
1393 1740 1476 1763 cum

169 1786 268 1822 Alm.
291 1785 380 1821 Obr.
408 1785 520 1832 Capp.
577 1783 726 1832 Reliqui
745 1786 922 1819 omittunt
942 1795 988 1820 et.

254 1852 342 1875 101.
372 1850 466 1874 tunc.
523 1840 645 1874 Guelf.
676 1854 764 1874 nunc
797 1852 878 1874 cum
911 1839 1024 1875 Goth.
1054 1839 1151 1875 Voff.
1178 1853 1210 1875 1.
1239 1848 1274 1874 2.
1298 1848 1333 1882 5.
1366 1818 1476 1874 Beni.

169 1904 206 1930 et
226 1895 305 1931 edd.
331 1899 491 1942 (praeter
512 1894 658 1944 Camp.)
687 1905 769 1930 ante
789 1895 871 1930 Ald.
895 1907 970 1942 quo
995 1907 1065 1930 acc.
1084 1895 1171 1930 Bad.
1193 1907 1250 1942 pr.
1279 1893 1391 1930 Male.

848 2038 978 2087 „poss‘e
990 2064 999 2079 ,
1029 2040 1232 2084 injuriarum
1250 2037 1347 2086 poss‘e
1359 2062 1370 2077 ‚
1407 2037 1474 2073 La·

847 2094 947 2132 „beo
969 2094 1125 2129 scribit.“
1182 2093 1306 2128 Simile
1322 2092 1414 2140 quid
1433 2093 1472 2126 in

845 2150 955 2184 statua
975 2149 1176 2199 Theagenis
1197 2149 1362 2187 athletae,
1393 2160 1474 2181 nni·-

226 2051 315 2075 100.
358 2049 494 2075 tantum
560 2037 792 2087 defendenda.

165 2096 226 2132 Fit
256 2106 336 2129 tum
365 2093 537 2143 ἆχρωμος
567 2094 792 2132 declamatio,

164 2152 231 2187 ubi
259 2150 330 2185 sola
360 2163 396 2184 v.
430 2163 458 2184 c.
489 2150 568 2199 lege
599 2149 728 2196 aliquis
761 2151 793 2184 se

163 2215 309 2244 tuetur,
354 2204 415 2240 vel
440 2205 707 2252 deprecatione,
751 2204 791 2238 in

162 2275 235 2309 qua
283 2270 402 2295 tamen
450 2261 521 2308 ipsa
568 2259 791 2307 poenitentia

159 2317 320 2363 aliquem
350 2316 498 2351 colorem
523 2315 631 2350 habet
659 2315 703 2349 cf.
731 2328 790 2354 ιι.

165 2385 183 2406 ι
198 2396 210 2411 ,
235 2379 300 2416 8ι.

209 2437 368 2487 statuum
387 2441 565 2487 pauperis.
601 2438 698 2472 Bene
717 2435 788 2471 hoc

159 2493 313 2529 illustrat
342 2495 475 2529 Badius
504 2494 632 2528 afferen
639 2492 686 2525 do
706 2491 785 2526 loco

157 2549 262 2583 Pauli
291 2550 363 2600 Dig
368 2549 424 2583 est.
451 2555 514 2595 47,
543 2561 600 2586 10,
622 2556 684 2589 27.

157 2603 306 2651 „Jt'atua
347 2605 458 2652 patris
497 2603 552 2638 tui
587 2603 626 2636 iu
655 2614 785 2636 monu-

156 2672 274 2699 ,‚men
264 2670 316 2692 ito
347 2661 459 2706 polita
488 2659 578 2692 saxis
607 2658 700 2692 caesa
725 2656 781 2695 est,
837 2657 987 2692 randum
1024 2654 1084 2703 efi-

846 2214 901 2238 rat
912 2205 1095 2240 Pausanias
1110 2204 1145 2242 6,
1162 2217 1177 2238 ι
1190 2217 1204 2238 ι
1229 2213 1320 2238 extr.
1341 2215 1378 2250 p.
1396 2201 1470 2237 166

845 2259 929 2297 Vol.
962 2270 998 2294 2.
1031 2260 1085 2294 ed.
1114 2259 1212 2293 Facii
1242 2260 1286 2296 V.
1323 2259 1364 2294 C.
1405 2256 1470 2303 qui

844 2327 919 2350 non
992 2314 1143 2350 debebat
1212 2313 1253 2348 in
1322 2311 1469 2347 oraculo

843 2370 1015 2404 mendum
1055 2369 1247 2404 meu-icum
1298 2368 1469 2402 reducere

842 2436 888 2458 ex
908 2425 1023 2460 Codd.
1045 2426 1160 2472 Θεαγ.
1180 2434 1247 2471 pro
1268 2423 1397 2470 Θειαγ.

897 2510 1095 2560 modestum.
1137 2510 1182 2546 cf.
1207 2524 1223 2544 1
1239 2535 1250 2550 ,
1279 2519 1326 2550 2,
1351 2516 1389 2558 4.

900 2613 987 2638 101.
1030 2613 1104 2634 cum
1149 2597 1228 2646 ipsu
1257 2617 1310 2627 —-
1337 2598 1465 2634 delibe-

1141 2654 1294 2705 Elegans
1310 2676 1323 2688 f
1343 2654 1458 2689 forma

155 2713 366 2763 „sepulchri
418 2713 551 2750 violati
599 2712 658 2763 agi
705 2723 780 2746 non
837 2712 882 2746 cf.
903 2721 948 2754 5,
979 2720 1023 2754 7,
1057 2709 1117 2744 26.
