1644 2964
254 191 346 234 123
589 181 662 226 M.
699 183 829 227 FAB.
862 184 1268 243 QUINTILIANI

248 303 552 353 incidamus.
656 306 808 354 Caret
853 307 996 354 enim
1049 307 1229 355 ceteris
1276 305 1551 356 lenociniis

247 377 521 444 expositio,
584 391 657 438 et,
713 379 808 428 nisi
840 381 1232 429 commendetur
1262 381 1357 428 hac
1384 397 1553 435 venu-

164 454 398 512 119state‚
443 459 598 516 jaceat
629 454 821 504 neceffe
852 455 936 504 est.
1029 459 1142 505 Nec
1179 458 1236 504 in
1268 457 1374 504 ulla
1407 466 1550 520 parte

249 532 500 580 intentior
521 531 591 579 est
610 531 792 591 judex:
842 547 1016 594 eoque
1039 532 1175 580 nihil
1200 542 1335 580 recte
1353 531 1552 579 dictum

250 609 397 671 perit.
492 610 781 663 Praeterea,
842 605 1012 655 nescio
1069 607 1337 670 quomodo
1396 598 1553 654 etiarn

252 682 414 729 credit
442 680 672 739 facilius,
733 698 865 745 quae
899 681 1131 729 audienti
1161 682 1388 745 jucunda
1416 681 1556 747 suut„

164 777 239 802 120
253 768 301 804 et
338 758 604 821 voluptate
645 756 709 804 ad
749 754 907 803 fidem
952 756 1177 804 ducitur.
1286 757 1391 803 Ubi
1424 773 1555 804 vero.

250 836 414 891 major
433 850 512 883 res
532 833 628 880 erit
643 869 656 891 ,
709 843 760 879 et
785 833 973 880 atrocia
995 830 1254 881 invidiose
1269 868 1283 888 ‚
1321 841 1372 877 et
1396 829 1554 878 tristia

249 906 607 956 miserabiliter
644 907 815 955 dicere
844 907 1071 955 decebit:
1110 924 1244 963 non,
1279 915 1340 954 ut
1372 903 1556 952 consu-

250 994 460 1031 mantur
511 979 744 1040 affectus,
806 981 895 1030 sed.
952 993 1122 1030 tamen
1181 982 1327 1031 velut
1374 981 1557 1045 primis

250 1058 402 1107 lineis
461 1057 821 1122 designentur:
889 1068 950 1105 ut
1010 1059 1188 1122 plane,
1250 1057 1413 1120 qualis
1472 1054 1559 1103 fu-

167 1149 239 1174 121
255 1145 370 1180 tura
421 1131 479 1181 fit
527 1135 698 1197 imago
761 1133 861 1189 rei,
919 1132 1085 1180 statim
1147 1141 1395 1196 appareat.
1473 1132 1557 1178 Ne

251 1208 499 1257 sententia
537 1208 753 1273 quidem
790 1209 938 1257 velut
965 1207 1236 1272 fatigatum
1268 1207 1558 1254 intentione

335 1361 456 1394 ceteris
475 1359 586 1394 lenm*
565 1361 664 1394 auiis.
721 1357 845 1393 Turic.
865 1369 927 1393 cet.
947 1359 1044 1402 cnjus
1063 1369 1147 1391 cum
1169 1355 1264 1391 Alm.
1288 1355 1385 1404 (vid.
1405 1355 1426 1399 ᾖ
1452 1358 1557 1401 ²08)-

250 1414 373 1450 Guelf.
395 1424 430 1448 et
449 1416 521 1459 ejus
542 1415 650 1449 lenoc.
671 1425 754 1447 cum
777 1414 873 1452 Voff.
898 1423 933 1456 5.
956 1415 1062 1448 Bern.
1089 1411 1186 1462 (vid.
1205 1413 1225 1455 §
1250 1421 1295 1446 2ss
1274 1412 1331 1462 ).

340 1492 548 1530 119.recte
569 1482 708 1516 dictum.
766 1479 1294 1524 Guelf.1omn.(tac.61bs)
1325 1479 1436 1523 Goth.
1468 1481 1554 1526 (tac.

250 1538 355 1574 Gesn.
359 1539 377 1581 )
397 1548 526 1573 rectum
545 1549 628 1571 cum
648 1536 740 1574 Vall.
762 1536 860 1573 Voss'.
885 1549 918 1570 ι.
940 1547 975 1570 2.
1001 1545 1037 1578 5.
1060 1538 1167 1571 Bern.
1189 1534 1295 1570 male.

340 1616 426 1640 120.
458 1606 601 1641 decebit.
659 1604 780 1640 Guelf.
804 1607 928 1639 Ioanu.
958 1604 1073 1638 licebit
1103 1615 1186 1638 cum
1206 1602 1290 1638 Ald.
1313 1613 1348 1638 et
1367 1598 1446 1638 edd.
1465 1602 1556 1638 meis

250 1662 417 1709 deinceps
439 1671 519 1695 ante
538 1661 628 1696 Obr.
652 1673 727 1695 exc.
750 1660 837 1694 Bad.
858 1660 921 1694 sec.
979 1661 1060 1693 Hoc
1088 1671 1170 1692 cum
1200 1659 1336 1708 Regius
1362 1659 1556 1696 inveniret,

250 1717 412 1751 nostrum
434 1716 661 1761 conjiciendo
682 1715 862 1763 reposuit3
905 1727 979 1749 uon
999 1715 1128 1762 utique
1147 1714 1351 1749 neceffario.
1407 1714 1475 1749 Sed
1494 1725 1558 1761 OP-

251 1773 336 1807 timi
353 1773 431 1806 sane
450 1771 537 1806 libri
555 1771 764 1808 defendunt.

326 1839 395 1889 sed
413 1850 538 1875 tamen.
583 1842 636 1873 Ita
657 1840 782 1886 Camp.
805 1848 842 1874 et
861 1838 984 1874 Turio.
1007 1850 1025 1872 a
1048 1838 1109 1872 see.
1129 1849 1250 1876 manu,
1281 1849 1300 1871 a
1320 1837 1437 1885 prima
1459 1837 1557 1871 enim

252 1907 293 1932 nt
315 1906 430 1930 tamen
449 1907 532 1929 cum
551 1894 648 1929 Alm.
674 1894 821 1941 Reliqui
842 1894 918 1928 fere
935 1892 1000 1942 sed
1021 1903 1059 1927 ut
1079 1903 1204 1927 tamen.
1271 1892 1391 1928 Malui
1420 1904 1556 1940 expun-

252 1964 338 2003 gere
359 1963 417 1990 uc,
446 1949 587 1997 alioqui
606 1950 716 1983 nimis
737 1950 959 2000 geminatum
981 1949 1019 1982 in
1039 1947 1110 1982 hoc
1130 1947 1222 1983 loco.

339 2029 427 2053 121.
456 2019 652 2067 quidem—
667 2018 804 2067 quidem
824 2018 873 2052 br.
919 2016 1094 2052 Posterius
1115 2017 1272 2067 quidem,
1301 2028 1383 2052 cum
1400 2015 1446 2051 iis
1465 2028 1556 2063 quae

250 2075 491 2125 praecedunt,
522 2074 703 2108 omittunt
723 2073 848 2108 Turio.
871 2074 997 2121 Camp.

313 2209 330 2231 ι
342 2210 357 2230 1
367 2208 402 2244 9.
430 2197 613 2244 voluptate
624 2196 672 2230 ud
680 2195 799 2244 fidem
817 2195 879 2230 ‹lu-

254 2254 354 2286 citur.
412 2254 493 2286 Hoc
530 2250 720 2298 aliquoties
759 2263 880 2286 recur-

255 2307 317 2340 rit.
374 2312 420 2351 4,
455 2320 496 2345 1,
531 2316 590 2340 12.
647 2315 693 2350 5,
725 2314 783 2354 ¹4⁹
814 2314 878 2350 55.

256 2360 293 2400 6·
315 2370 350 2400 2.
371 2369 408 2404 5·
465 2368 500 2405 8-
523 2370 558 2404 3,
581 2369 618 2404 5·

315 2438 404 2464 120.
435 2431 546 2473 major
599 2442 662 2463 res.
734 2429 882 2476 Respice

256 2484 277 2528 ᾖ
308 2494 395 2526 117.
451 2485 523 2518 Hic
557 2484 705 2531 quidem
744 2485 882 2518 effusio-

256 2551 334 2573 rem
355 2548 523 2573 ornatum
545 2541 728 2586 permittat
756 2539 881 2577 modo,

255 2606 301 2628 an
324 2594 447 2644 exigat
467 2595 574 2628 etiam
588 2619 598 2634 ,
646 2608 692 2629 ex
709 2595 784 2641 ipso
804 2606 881 2628 ora-

257 2649 378 2685 tionis⁴
400 2658 524 2684 tenore
552 2662 679 2698 parum
710 2658 879 2697 apparet;

257 2703 516 2752 quamobrem,
584 2707 670 2740 fitne
709 2717 798 2739 mox
831 2703 880 2738 le-

935 2194 1094 2245 gendum
1116 2194 1248 2229 decebit
1266 2206 1309 2228 an
1329 2192 1463 2230 licebit,
1490 2191 1558 2226 vix

935 2250 1089 2284 affirmes
1109 2249 1153 2283 cf.
1173 2259 1239 2283 not
1258 2250 1339 2287 crit.
1361 2247 1559 2294 Gedoynus

936 2304 1102 2352 expreffit
1126 2304 1311 2352 posterius.

991 2391 1171 2441 invidiose.
1227 2393 1314 2430 Vim
1349 2391 1460 2438 liujus
1486 2391 1558 2424 for-

936 2461 1014 2483 mae
1034 2449 1118 2484 vide
1138 2450 1177 2482 in
1199 2457 1275 2482 not.
1297 2447 1375 2481 etit.
1399 2446 1441 2480 ad
1462 2452 1498 2491 4,
1527 2457 1559 2483 ι,

936 2511 1001 2551 42.
1058 2504 1116 2537 Sic
1142 2503 1253 2538 modo
1285 2502 1309 2545 ὦ
1340 2508 1404 2545 81.
1440 2499 1558 2549 suspi-

936 2557 1025 2607 ciose
1074 2568 1176 2597 erat,
1233 2558 1400 2592 movendo
1439 2554 1559 2604 suspi-

934 2617 1074 2650 cionem.

993 2713 1080 2738 ιρι.
1103 2702 1291 2752 sententia.
1321 2703 1416 2750 1:124,
1440 2715 1472 2742 1,
1492 2701 1556 2749 64.
