1560 2950
150 149 210 180 22
451 134 524 180 Μ.
560 133 693 180 FAB.
728 128 1140 196 QUINTILIANI
1166 139 1173 144 ·

291 257 328 306 I.
371 257 524 325 Quod.
543 260 844 320 principium
868 258 1049 306 Latine
1070 259 1157 306 vel
1180 256 1440 307 exordium
1453 272 1533 317 298
1556 304 1560 310 ,

145 330 363 389 dicitur,
428 336 623 392 majore
666 332 887 396 quadam
918 334 1119 380 ratione
1153 334 1332 381 Graeci
1363 335 1442 382 vi-

146 404 337 455 dentur
377 410 591 469 προοίμιον
634 405 943 455 nominasse:
1015 409 1137 471 quia
1182 425 1210 456 a
1256 407 1442 458 nostris

143 482 357 529 initium
374 481 534 530 modo
554 481 886 546 significatum
943 478 1022 530 illi
1042 481 1156 532 satis
1178 484 1310 531 clare
1329 500 1443 548 pat-

141 564 249 603 tem
268 557 399 605 hanc
417 555 511 604 effe
536 568 652 604 ante
685 556 963 621 ingreffum
990 559 1092 615 rei,
1139 558 1204 607 de
1229 575 1336 623 qua·
1363 558 1443 607 di·-

109 632 370 680 2cendu1n
397 631 483 688 fit,
522 631 829 694 ostendunt0
885 635 1050 690 Nam,
1086 632 1188 682 five
1208 644 1442 698 propter·-

142 721 224 762 ea‚
273 707 416 772 quod
451 712 548 773 οἴμῃ
578 719 748 755 cantus
770 707 866 764 est,
903 719 953 755 et
974 708 1260 756 citharoedi
1280 725 1442 774 pauca
1504 721 1511 726 ⁷

140 781 254 838 illa,
311 798 467 846 quae,
527 793 798 847 antequam
842 783 1135 846 legitimum
1186 794 1444 832 certamen
1489 803 1496 807 -

139 857 416 914 inchoent,
478 858 744 905 emerendi
792 855 985 906 favoris
1033 859 1190 922 gratia
1233 868 1440 915 canunt,

135 935 446 995 prooemium
480 933 1003 997 cognominaverunt:
1052 943 1278 982 oratores
1309 950 1442 996 quo-

139 1022 243 1070 que
275 1023 355 1064 ea,
404 1025 561 1071 quae,
601 1009 907 1071 priusquam
940 1007 1138 1056 causam
1169 1007 1442 1056 exordjan-

138 1091 250 1139 tux,
306 1082 372 1130 ad
421 1082 771 1131 conciliandos
821 1082 916 1130 fibi
961 1082 1198 1142 judicum
1242 1082 1442 1131 animos

138 1158 568 1223 praeloquuntur,
591 1157 770 1206 eadem
790 1158 1131 1223 appellatione
1154 1155 1440 1222 fignarunt:

137 1328 292 1377 deficit.)
322 1338 367 1372 5,
397 1329 442 1368 6,
473 1335 538 1373 85.
571 1337 617 1372 5,
644 1336 691 1374 8,
722 1339 786 1372 25.
842 1327 925 1364 Alia
952 1329 1045 1363 ratio
1075 1326 1147 1362 loci
1170 1339 1240 1366 n,
1271 1334 1316 1369 5,
1351 1333 1441 1369 173.

136 1384 366 1432 „deficientis
387 1385 520 1420 dolore.
524 1392 547 1406 ‘
574 1383 652 1420 vid.
673 1382 858 1420 Drakenb.
878 1383 923 1418 ad
942 1384 1029 1419 Liv.
1055 1388 1282 1430 22,49.1.
1310 1381 1438 1429 Camp-

137 1438 373 1488 defecerimus.

223 1519 256 1540 1.
286 1509 366 1556 quia
384 1522 417 1542 a.
446 1506 627 1555 Displicet
646 1509 753 1544 sonus
774 1508 817 1541 οἳ.
843 1520 876 1545 1,
899 1512 936 1552 4,
966 1514 1026 1539 12.
1058 1514 1094 1548 5,
1116 1505 1161 1543 6,
1190 1513 1256 1548 32.
1312 1503 1439 1539 Turic-

135 1574 154 1594 a
182 1560 244 1596 sec
275 1572 384 1596 mann
413 1563 508 1612 quod
535 1577 558 1598 a
585 1573 622 1598 et
650 1566 695 1598 Iic
724 1562 824 1597 dedit
851 1560 942 1598 Obr.
1006 1562 1065 1594 Ex
1082 1561 1232 1609 Argent.
1258 1558 1438 1607 profecto.

135 1615 256 1651 Guelf.
289 1631 382 1666 quo.
435 1618 550 1653 Andr.
582 1632 650 1667 quo
678 1633 700 1654 a
732 1630 814 1654 cum
847 1616 1232 1655 Sich.1²ermutamur
1263 1615 1303 1648 in
1331 1615 1441 1648 MSS.

133 1684 202 1720 quo
223 1680 259 1705 et
278 1673 372 1717 quod
398 1672 477 1707 vid.
505 1673 689 1708 Drakenb.
722 1673 764 1707 ad
791 1674 876 1707 Liv.
897 1670 971 1714 36,
999 1679 1074 1717 55,
1104 1679 1140 1712 5.
1179 1670 1267 1704 item
1288 1669 1382 1718 quod
1401 1676 1439 1702 et

134 1728 226 1774 quin.
256 1727 306 1760 id.
328 1727 371 1760 nd
392 1734 457 1771 58,
478 1727 541 1770 56,
559 1734 597 1774 4.
626 1731 708 1771 (nos
733 1727 776 1761 ad
798 1726 833 1765 6,
859 1740 892 1764 ι,
916 1727 999 1768 52.)
1054 1721 1250 1774 Expungas
1274 1723 1380 1758 etiam
1401 1735 1438 1761 a.

133 1779 195 1814 vel
213 1792 281 1828 pro
301 1783 381 1830 quia
399 1783 527 1818 scribas
547 1798 590 1831 qu
594 1786 730 1822 oniam,
766 1795 848 1816 nam
880 1790 915 1815 et
944 1780 1029 1814 haec
1056 1779 1255 1813 confufioni
1276 1776 1436 1812 obnoxia

131 1833 184 1870 id.
206 1836 248 1870 ad
268 1842 334 1882 4ο,
359 1846 419 1879 ι5,
440 1847 475 1879 7.
506 1838 632 1885 Camp.
653 1840 734 1886 quia
754 1835 877 1884 nostris
898 1848 944 1869 ex
962 1845 1083 1869 errore
1103 1843 1194 1880 puto
1212 1845 1280 1881 pro
1303 1831 1396 1881 quod
1411 1844 1437 1866 a

133 1889 256 1937 nostris
276 1904 358 1925 nam
379 1894 439 1941 qui
457 1893 646 1940 saepiffime
666 1893 726 1927 hic
745 1892 852 1940 ponit
873 1902 941 1938 pro
963 1889 1055 1938 quod
1077 1889 1122 1922 cf.
1147 1897 1170 1930 5
1183 1913 1192 1926 ,
1213 1888 1258 1927 6,
1279 1887 1344 1932 64.

218 1968 256 1992 2.
286 1963 624 2006 cognominaverunt.
665 1960 723 1994 Sic
741 1958 855 1995 codd.
873 1969 915 1993 ut
934 1957 1094 1995 videtur,
1114 1968 1250 1994 omnes,
1278 1954 1375 2002 quod
1395 1952 1437 1987 in

133 2011 287 2050 Vallenfi
307 2014 435 2048 diserte
453 2025 631 2049 memorat
648 2015 798 2052 Badius.
849 2014 886 2046 V
883 2025 966 2047 ocaz
968 2022 1067 2046 erunt
1088 2023 1156 2059 pto
1174 2022 1217 2044 oo
1236 2010 1324 2044 dant
1354 2006 1438 2042 odd.

133 2068 226 2103 Jens.
258 2073 343 2110 (tac.
370 2069 494 2116 Getn.)
525 2079 560 2103 et
589 2081 687 2103 meae
707 2078 788 2103 ante
809 2067 910 2103 Bam.
931 2078 1076 2104 omnes,
1113 2077 1189 2100 exc.
1213 2065 1335 2109 Camp.
1357 2067 1433 2108 qu'o

130 2121 270 2156 accedit
293 2123 584 2170 Gnyph.1tem
606 2138 740 2158 carmen
763 2124 802 2157 in
822 2121 925 2157 nullo
946 2122 992 2155 est
1014 2119 1167 2158 Codice,
1203 2117 1302 2165 quod
1323 2115 1436 2164 paulo

132 2185 216 2210 ante
235 2189 303 2224 pro
323 2188 491 2211 certamen
513 2179 656 2212 invexit
676 2177 889 2216 Philander,
925 2174 1122 2212 foediffime
1152 2171 1367 2219 compilatus
1396 2180 1441 2206 ot

132 2231 343 2277 inquinatus
381 2245 400 2266 ι
435 2231 608 2267 Tutnebo
639 2232 699 2266 vel
726 2233 848 2279 potius
875 2243 917 2266 eo
949 2230 1013 2276 qui
1044 2228 1167 2278 magni
1195 2227 1271 2262 vi1i
1298 2237 1433 2260 nomen

132 2286 329 2321 ementitus
356 2288 414 2321 est.
482 2287 685 2322 Rectiffime
705 2298 872 2322 certamen
892 2295 1014 2319 tuetur
1034 2284 1209 2322 Gesnerus
1230 2290 1276 2317 ex
1294 2282 1432 2316 Graeco

132 2338 254 2388 ἐγών.
304 2342 448 2377 Carmen
467 2354 512 2376 ex
533 2343 622 2381 meis
643 2341 712 2376 solu
730 2342 789 2376 dat
807 2339 908 2376 Bafil.
927 2339 1013 2374 alne
1033 2348 1151 2373 tamen
1171 2338 1210 2371 in
1229 2335 1403 2385 margine.

242 2420 405 2455 g.narunt
434 2410 557 2445 Turic.
569 2410 749 2460 figuntur-i
766 2422 848 2445 eum
867 2407 965 2447 Alm.
985 2408 1079 2442 miro
1099 2405 1231 2441 erroris
1252 2403 1429 2439 consensu.

133 2462 395 2508 οἱ,5,6,.68

190 2604 225 2627 ι.
253 2596 333 2640 quia
350 2608 384 2629 a.
414 2594 490 2630 vid.
510 2605 585 2631 net.
607 2596 687 2632 etit.
806 2598 915 2632 Recte
937 2593 979 2629 ad
999 2593 1144 2639 Arillot.
1163 2592 1271 2628 Rhet.
1293 2599 1338 2635 5,
1369 2594 1439 2638 14,-

186 2655 225 2682 2.
252 2649 443 2688 eitharoadi
460 2669 510 2680 -
530 2653 754 2699 prooemium.
815 2664 849 2686 ι.
868 2650 1006 2701 ablegat
1024 2648 1228 2684 Philander.
