1560 2950
349 102 512 150 1Ns‘r.
550 90 830 149 ORATOR.
866 99 988 149 Lm.
1010 99 1094 160 IV,
1137 115 1176 144 ι.
1373 107 1434 158 39

85 239 158 280 ‘ex
197 227 384 288 causis,
449 245 675 295 quarum
715 227 909 295 Ipecies
953 226 1205 292 consequi
1249 239 1432 275 omnes

36 328 57 358 x
86 324 203 358 ‘non
231 306 530 374 poss'umus,
598 304 696 356 nifi
736 305 1049 372 generaliter
1084 303 1432 370 comprehen-

83 384 301 442 dantur,
324 386 384 433 in
404 381 677 433 infinitum
689 382 809 432 sunt
831 381 1192 432 extrahendae.
1255 384 1428 448 Quare
1440 385 1494 430 44

88 457 310 527 fingulis
331 459 610 511 confilium
631 477 693 509 ex
715 460 930 526 propria
948 460 1153 509 ratione
1174 455 1428 507 nascetur.

84 537 231 587 {llud
253 539 312 586 in
337 536 649 587 universum
669 547 1004 604 praeceptum
1034 535 1119 595 sit,
1178 544 1239 583 ut
1261 534 1322 582 ab
1346 533 1430 591 iis,

84 630 223 680 quae
250 615 499 673 laedunt,
540 613 606 663 ad.
629 630 711 673 ea,
751 630 884 680 quae
907 612 1155 680 prosunt,
1198 610 1428 676 refugia-

85 707 221 742 mus.
300 693 358 742 Si
378 689 527 741 causa
552 690 934 750 laborabimus,
982 688 1203 756 persona
1233 687 1427 736 subve-

84 769 223 827 niat3
260 766 567 835 fiperspna,
611 767 788 818 causa:
841 767 880 818 fi
916 766 1084 825 nihil,
1146 764 1297 830 quod.
1325 777 1426 813 nos

80 844 329 907 adjuvet,
369 846 493 903 erit,
534 862 871 911 quaeramus,
912 843 1046 910 quid
1069 841 1426 892 adversarium

81 919 264 985 laedat.
314 939 438 971 nam
464 932 526 971 ut
549 919 778 988 optabile
798 921 895 979 est,
953 921 1075 986 plus
1098 919 1295 970 favoris
1314 934 1426 966 me-

60 999 214 1058 ,reriz
258 998 324 1048 fic
344 1000 667 1065 proximum,
694 997 808 1048 odii
833 999 1026 1048 minus.
1104 999 1165 1046 In
1186 997 1267 1051 iis,
1290 1011 1422 1059 quae
1432 1003 1486 1045 45

81 1076 265 1141 negari
297 1093 410 1126 non
441 1085 719 1142 poterunt,
775 1074 1180 1131 elaborandum,
1240 1082 1300 1121 ut
1335 1082 1424 1121 aut

83 1153 320 1211 minora,
387 1143 546 1218 quam
580 1153 784 1202 dictum
814 1151 910 1210 est,
985 1162 1076 1201 aut
1113 1148 1213 1199 alia
1242 1161 1421 1197 mente

82 1225 244 1286 facta,
299 1239 391 1278 aut
424 1229 564 1278 nihil
604 1228 668 1277 ad
703 1228 1026 1294 praesentem
1057 1224 1420 1293 quaestionem

76 1303 372 1370 pertinere,
435 1315 526 1369 aut
571 1306 844 1354 emendari
890 1303 1031 1371 poss'e
1072 1303 1416 1371 poenitentia,

79 1391 171 1430 aut
208 1379 326 1432 satis
363 1386 467 1443 jam
506 1382 717 1448 punita,
775 1382 1074 1432 videantur.
1178 1380 1416 1443 Ideoque

75 1473 231 1523 agere
263 1458 547 1517 advocato,
618 1475 778 1523 quam
815 1460 1098 1525 litigatori,
1163 1455 1412 1523 facilius:

79 1535 204 1598 quia
220 1545 272 1583 et
287 1534 470 1584 laudat
489 1535 596 1585 sme
619 1537 940 1602 arrogantiae
962 1536 1207 1593 crimine,
1249 1544 1299 1582 et
1320 1534 1414 1581 ali-

74 1610 296 1675 quando
335 1613 539 1663 utiliter
586 1615 743 1663 etiarn
794 1611 1182 1680 reprehendere
1227 1608 1410 1678 potest.

78 1762 210 1812 camp.
240 1765 334 1803 Jens.
369 1770 464 1812 (non
496 1766 595 1802 enim
616 1766 680 1803 illa
700 1765 818 1816 cons.)
848 1767 960 1802 Tarv.
993 1765 1089 1803 Ven.
1118 1765 1226 1801 Rufe.
1257 1762 1411 1811 aliisque

76 1819 357 1863 recentioribus,
375 1831 412 1859 et
429 1835 486 1858 res
505 1824 579 1873 ipsa
598 1822 843 1860 commendat.
873 1824 978 1860 Gesu.
1000 1820 1100 1871 pros.
1130 1821 1176 1856 cf.
1203 1834 1218 1855 ι
1240 1822 1409 1856 Prooem.

78 1883 144 1919 ²5.
175 1875 263 1912 item
285 1877 332 1918 6,
366 1893 406 1919 1,
437 1887 475 1924 5.

160 1938 227 1980 44.
258 1934 356 1969 Illud
373 1955 427 1963 —-
444 1931 673 1986 praeceptum
686 1935 751 1986 fit.
780 1936 906 1971 Turic-
927 1935 1040 1971 Aliud
1056 1953 1111 1962 -
1127 1934 1409 1982 praeceperimus

72 1998 171 2022 oum'
191 1986 306 2024 Alm.‘
323 1990 452 2040 Camp.
501 1993 572 2027 Sed
599 1992 721 2028 Guelf.
752 1990 836 2028 ΑΜ.
867 1993 944 2028 Bar.
974 1991 1066 2027 illud
1084 2011 1139 2019 -
1155 1988 1406 2038 praeceperim.

75 2043 176 2080 Voss'.
203 2058 236 2079 1.
259 2047 424 2100 53Bern.
447 2050 471 2083 ἱ.
493 2065 547 2076 —-
566 2058 832 2096 praeceperunt.
912 2048 992 2085 Nifi
1024 2046 1142 2083 Codd.
1171 2046 1254 2080 sunt
1284 2042 1408 2077 vindi-

75 2110 132 2134 ces
153 2110 340 2148 receptae,
378 2103 508 2138 malim
538 2103 712 2139 Aldinam
742 2104 945 2142 rationem,
994 2117 1041 2138 ex
1065 2115 1136 2150 qua
1155 2113 1221 2149 per
1242 2110 1406 2134 errorem

74 2156 263 2202 repetendi
301 2167 341 2192 ue
378 2169 507 2193 natum
546 2161 840 2206 praeceperimus.
898 2159 1019 2209 Magis
1051 2158 1149 2194 euim
1183 2154 1407 2204 Quintiliani

70 2209 185 2258 ipsuis
214 2212 409 2261 proprium
439 2215 487 2250 est
511 2225 749 2264 praeceptum
775 2227 887 2262 quam
917 2214 1036 2266 vulgo
1066 2214 1193 2249 datum
1216 2212 1260 2247 ab
1285 2211 1407 2247 omui-

74 2263 142 2302 bus
163 2277 205 2302 ut
224 2280 314 2303 mox
333 2268 354 2314 ᾗ
375 2280 440 2315 57.
609 2271 841 2320 refugiamus.
871 2271 999 2320 Camp-
1021 2270 1117 2320 conf.
1138 2268 1244 2304 male.

158 2324 243 2374 quid
272 2325 411 2375 advers.
464 2327 591 2363 Tutic.
610 2341 628 2361 a
647 2327 770 2376 prima
790 2323 981 2377 manu'qui
1001 2342 1035 2363 u.
1088 2325 1220 2363 Malim
1243 2325 1338 2374 quod
1358 2337 1405 2360 ex

69 2390 150 2427 ¹quo
177 2391 355 2429 corrupta,
377 2383 503 2423 Turio.
532 2384 710 2432 scriptura
735 2383 799 2429 (cf.
822 2394 859 2428 5,
883 2394 920 2428 7,
943 2385 1000 2428 5.)
1027 2393 1066 2419 et
1095 2379 1196 2432 quod
1230 2381 1340 2416 habet
1363 2381 1404 2415 in

70 2447 188 2487 marg·
219 2437 357 2487 Vidov.
378 2448 415 2475 et
434 2440 524 2481 Bad,
561 2440 607 2476 cf.
640 2446 679 2488 4,
712 2450 750 2480 2,
780 2442 846 2490 9¹·

50 2585 99 2609 „¹”
125 2575 192 2616 44.
220 2549 449 2624 praeceptum
497 2571 562 2624 fit.
629 2573 710 2612 vid.
823 2573 910 2624 quid
927 2556 1320 2624 adversarium'laadat.
1357 2570 1403 2606 cf.

68 2635 150 2662 not.
173 2627 267 2664 crit.
349 2656 353 2660 .
766 2640 846 2665 not.
871 2631 965 2667 Crit.

193 2697 195 2699 ·
446 2699 448 2702 ’
821 2689 1038 2736 proximum.
1069 2685 1116 2721 cf.
1143 2698 1176 2725 ι.
1198 2698 1233 2725 1,
1281 2709 1292 2720 .
