1560 2950
196 179 256 222 82
502 166 576 213 Μ.
611 169 745 213 FA—B.
783 170 1192 230 QUINTILIANI
1252 167 1253 170 ’

630 268 637 284 «

194 292 388 340 volunt
446 289 542 338 effe
601 291 839 350 lucidam,
886 291 1087 342 brevem
1103 330 1117 350 ,
1167 288 1514 363 verifimibems·

196 367 387 430 Neque
447 369 595 414 enim
645 368 826 424 refert,
889 386 954 416 an
1013 386 1111 432 pro
1171 368 1339 416 lucida
1386 385 1499 433 per-

197 441 452 508 spicuam,
509 459 612 506 pro
663 440 921 513 verisimili
966 443 1289 508 probabilem
1339 443 1504 492 credi·

137 514 426 585 32bilemve
446 517 689 566 dicamus.
766 519 957 566 Eadem
990 520 1141 567 nobis
1174 519 1340 583 placet
1367 519 1504 567 divi-

199 591 302 650 fi0;
368 610 662 656 quanquam
722 604 771 640 et
833 592 1125 642 Aristoteles
1177 595 1238 641 ab
1287 593 1504 643 Isocrate

196 679 342 733 parte
362 669 417 715 in
442 684 547 715 una
568 666 873 726 diffenserit,
929 679 1259 733 praeceptum
1284 671 1507 718 brevita-

196 745 267 791 tis
287 743 508 791 irridens
525 780 538 799 ‚
577 754 821 806 tanquam
845 741 1037 792 necell'e
1059 743 1153 800 sm·
1181 745 1391 809 longam
1416 755 1507 792 aut

199 818 412 866 brevem
437 815 531 865 effe
558 817 951 882 expolitionem,
997 836 1092 866 nec
1127 820 1276 867 liceat
1307 821 1384 868 ire
1412 831 1507 884 per

199 887 460 941 medium)
526 894 824 942 Theodorei
873 910 1087 958 quoque
1130 895 1298 943 'solam
1350 895 1507 942 relin-

202 979 375 1032 quunt
419 969 657 1021 ultimam
708 980 927 1032 partem,
987 970 1109 1031 quia
1146 986 1240 1016 nec
1279 970 1508 1017 breviter

201 1046 388 1107 utique
407 1061 503 1091 nec
525 1043 756 1091 dilucide
779 1043 978 1108 semper
1003 1043 1062 1090 fit
1081 1045 1213 1092 utile
1233 1058 1504 1108 exponere.

143 1135 194 1171 55
208 1124 325 1187 Quo
369 1119 669 1182 diligentius
719 1117 1079 1182 distinguenda
1124 1116 1245 1166 sunt
1294 1118 1510 1183 lingula,

203 1205 291 1250 ut,
345 1193 476 1255 quid
530 1209 746 1257 quoque
801 1195 918 1243 loco
978 1192 1163 1257 profit,
1229 1192 1507 1245 ostendam.

203 1270 447 1318 Narratio
477 1267 548 1314 est
584 1279 672 1316 aut
702 1279 806 1316 tota
827 1285 923 1332 pro
948 1269 1128 1324 nobis,
1176 1279 1264 1316 aut
1287 1279 1392 1318 tota
1410 1285 1509 1333 pro

205 1342 530 1400 adversariis,
579 1354 668 1391 aut
698 1345 856 1391 mixta
888 1359 950 1391 ex
978 1345 1226 1407 utrisque.
1329 1345 1382 1391 Si
1413 1345 1542 1410 erit,

290 1478 411 1523 Neque
447 1491 502 1512 en.
573 1476 633 1511 Sic
668 1476 791 1511 Turic.
831 1475 953 1512 Guelf.
993 1477 1121 1525 Camp.
1160 1475 1311 1525 Reliqui
1347 1475 1422 1511 Nec
1455 1489 1511 1510 en.

187 1532 250 1569 ὀἱ
271 1533 291 1576 §
315 1541 375 1574 15.
1457 1532 1475 1538 ⁶

287 1597 350 1630 32.
380 1595 558 1633 praecept.
579 1605 633 1613 -
651 1596 745 1635 tanq.
803 1586 928 1620 Turic-
957 1599 1072 1634 praec.
1102 1588 1258 1621 veritatis
1281 1589 1340 1621 irr.
1359 1582 1510 1632 inserens-

206 1654 300 1688 tanq.
343 1655 424 1676 cum
465 1641 590 1689 Camp.
630 1650 667 1676 et
703 1640 831 1675 multis
866 1641 980 1677 Codd.
1010 1641 1250 1676 inserentibus
1286 1639 1508 1688 praepostere

203 1697 299 1733 illud
318 1696 479 1745 inserens.
753 1697 887 1731 brevem
905 1696 972 1745 ⁶ff⁶
992 1709 1077 1743 exp.
1133 1697 1257 1730 Turic.
1280 1695 1420 1730 omittit
1440 1693 1509 1744 effe

205 1766 288 1788 cum
317 1751 438 1787 Guelf
471 1752 596 1798 Camp.
626 1761 662 1786 et
691 1751 770 1786 edd.
792 1751 881 1785 meis
903 1761 984 1785 ante
1006 1751 1168 1785 Badium.
1226 1750 1410 1786 Accedunt
1430 1750 1510 1797 plu·

203 1808 294 1842 rimi
326 1807 441 1842 Codd.
505 1809 605 1840 Inter
633 1808 770 1841 breeem
795 1816 831 1840 et
858 1805 982 1854 expos.
1010 1805 1182 1840 facillime
1212 1804 1398 1840 excidebat
1429 1803 1509 1854 effe,

204 1863 306 1910 quod
326 1862 395 1896 hoc
413 1861 494 1896 loco
514 1861 560 1894 est
577 1861 821 1895 necessarium.

291 1927 354 1960 55.
381 1915 600 1964 adversariis.
671 1917 728 1950 Sic
766 1917 889 1951 Turio.
930 1917 1054 1963 Camp.
1097 1914 1219 1950 Guelf.
1259 1914 1374 1950 Goth.
1413 1915 1509 1952 Jens.

207 1971 302 2020 (tac.
334 1973 467 2018 Gesn.)
495 1983 578 2005 cum
603 1969 784 2018 plerisque
817 1971 933 2006 Codd.
960 1981 996 2005 et
1025 1970 1105 2008 edd.
1135 1971 1224 2005 meis
1253 1979 1335 2004 ante
1366 1969 1508 2018 Gryph-

205 2028 279 2064 Hic
298 2027 438 2075 primus
457 2025 660 2074 adversario
685 2035 727 2059 ut
746 2025 891 2073 reliqui.

204 2137 358 2174 solicitat
403 2135 580 2170 Ernestus.
651 2135 833 2170 Convenit
886 2134 1030 2170 Aristot.
1053 2134 1162 2170 Rhet.
1187 2144 1222 2178 3.
1255 2133 1314 2173 16,
1341 2138 1378 2181 4.
1435 2133 1509 2168 Hie

207 2194 428 2228 Graecorum
451 2191 587 2225 locutio
618 2187 650 2224 οἶ
678 2189 748 2224 claro*
772 2194 832 2235 τῆς
885 2191 1073 2224 Isocratem
1111 2189 1261 2223 irrideri
1296 2188 1339 2223 ab
1378 2189 1508 2224 Aristo-

206 2248 330 2288 στοαῖς,
360 2245 392 2281 οἱ
412 2244 483 2280 α’πδ
500 2250 561 2280 τοῦ
581 2243 784 2292 περιπάτου.
885 2244 955 2278 tele
986 2245 1065 2278 satis
1096 2245 1141 2278 est
1160 2242 1366 2292 probabile,
1405 2243 1507 2290 quod.

884 2299 1032 2345 quidem
1043 2301 1074 2334 se
1084 2299 1244 2334 didiciffe
1254 2312 1272 2333 e
1281 2298 1506 2345 Quintiliano

883 2355 1018 2388 fatetur
1065 2356 1119 2393 is,
1158 2354 1223 2401 qui
1268 2353 1386 2387 nostro
1431 2365 1506 2386 non

883 2421 1100 2458 magnopere
1123 2410 1239 2446 favet,
1262 2409 1446 2445 Victorius
1466 2408 1506 2440 in

882 2464 987 2499 Rhet.
1022 2465 1125 2498 Arist.
1159 2477 1194 2511 p.
1224 2473 1314 2511 7ι9.
1386 2463 1505 2512 Negat

881 2519 1085 2554 Aristoteles
1113 2534 1151 2552 το
1182 2532 1218 2552 ευ
1247 2518 1324 2552 fieri
1353 2533 1399 2562 τω
1428 2531 1506 2552 συν-

879 2571 1012 2618 τόμως,
1044 2572 1140 2607 α’λλα
1160 2588 1207 2619 τῳ
1227 2571 1382 2620 μετρίως.
1421 2574 1503 2606 Hoc
1558 2599 1560 2601 .

197 2612 290 2647 (um.
877 2630 1002 2676 potuit
1024 2630 1161 2663 sumere
1191 2641 1210 2662 ο
1242 2627 1400 2663 Platonis
1421 2626 1502 2661 loco
1557 2619 1560 2666 ξ

253 2696 317 2730 52.
346 2696 571 2734 praeceptum
591 2703 644 2712 -—-
665 2685 821 2719 irridens.
877 2683 1026 2718 Phaedr.
1049 2697 1084 2732 p.
1109 2683 1199 2727 267.
1220 2678 1255 2718 b.

258 2334 463 2383 Aristoteles
484 2353 535 2360 ——
555 2344 656 2380 parte
685 2335 720 2368 in
749 2348 827 2368 una.

203 2392 248 2424 In
286 2403 357 2424 una
394 2389 544 2426 harum,
592 2401 679 2435 quas
717 2389 827 2423 modo

203 2445 415 2494 proposuit,
445 2443 627 2492 partium3
669 2456 715 2477 ne
735 2445 829 2478 forte

203 2502 286 2548 quis
318 2509 444 2547 putet,
483 2498 674 2548 fignificari
704 2509 827 2532 rarum

200 2555 402 2591 Aristotelis
438 2553 481 2589 ab
519 2555 673 2588 Isocrate
700 2554 828 2587 diffen-
